3006 5050
488 445 653 495 risurus
671 411 914 497 osreunrruu
1188 449 1232 498 res

166 593 295 646 castitate
314 605 333 644 u
354 590 454 644 murita
481 591 676 661 accusabatur,
727 589 825 646 onmis
851 589 906 646 sibi
934 590 1031 646 ablata
1063 589 1089 645 ei
1120 589 1234 660 iegibus

167 683 209 734 ait
219 699 228 734 .-
238 682 405 749 Praeceptum
417 681 457 733 est
466 679 500 733 ub
513 679 676 748 imperatore
724 677 924 747 restituantur,
936 681 965 734 et
977 679 1038 750 ipse
1049 678 1166 751 pacifice
1182 678 1239 736 dier

166 769 225 837 iope
240 769 308 836 tutu,
324 773 355 824 ut
372 770 462 839 primo
473 771 680 837 permitteretur
725 767 784 822 suis
806 767 973 848 perfruetur
991 767 1162 836 honoribus,
1186 761 1249 823 aa?
1329 757 1344 774 ’

165 860 192 914 ei
210 873 268 913 rem
282 859 452 925 (omitterem
466 859 549 914 tibere
568 859 678 914 diutius
725 855 812 928 dique
826 855 950 928 propriae
964 856 1136 928 regulariter
1150 856 1231 911 resti·

164 949 312 1012 ordinarer
332 953 401 1020 *tunc
429 947 547 1004 demum
561 964 676 1018 respou—
724 947 806 1002 tutus
815 945 881 1016 ejus
890 947 981 1002 mutto
994 949 1129 1018 tempore
1141 945 1234 1000 iibere

166 1037 244 1091 deret
267 1036 389 1106 objectis.
411 1040 468 1094 Hoc
492 1053 585 1093 omues
602 1039 675 1107 lepos
725 1033 855 1105 potietur
882 1034 1004 1102 honoro,
1030 1033 1116 1106 juxta
1143 1050 1233 1090 eano-

165 1131 223 1182 tum
242 1127 429 1183 ecclesiasticae
448 1143 532 1197 quum
546 1127 678 1196 restaures
725 1121 821 1177 uiuam
837 1123 975 1191 accusari,
987 1122 1096 1187 soceri,
1107 1121 1233 1194 judicari

162 1213 335 1283 publicaque
345 1216 519 1284 praecipiunt.
534 1213 564 1270 Si
577 1217 675 1270 autern
726 1214 776 1266 aut
786 1210 941 1284 dampnari
955 1211 1165 1267 institutionem
1180 1227 1232 1284 po-

165 1300 201 1355 de
215 1301 387 1356 mutieribus
397 1302 427 1356 et
439 1302 625 1358 soecularibus
634 1302 675 1357 vi·
724 1299 881 1356 usturam
890 1301 1233 1357 etteistoriuecetesiasttcu

164 1389 205 1444 r'is
224 1391 290 1446 haec
311 1389 466 1445 constitute
485 1392 675 1460 sunt,1nulto
725 1391 759 1446 ab
782 1391 905 1446 Erectio
929 1391 1081 1446 cesariensi
1107 1392 1233 1461 episeopo

163 1478 259 1549 magis
284 1479 485 1534 ecclesiasticis
510 1480 676 1536 hominibus
725 1482 857 1547 confecta,
870 1479 903 1534 ete
915 1480 1027 1535 mutiero
1040 1480 1161 1549 quodum
1173 1496 1234 1550 qum

165 1569 195 1621 ot
209 1565 407 1621 sacerdotibus
419 1570 485 1622 sunt
499 1583 648 1622 concessa.
724 1585 774 1639 pro
782 1571 908 1624 castitate
917 1570 1234 1624 umusmmeusuourm·

345 1655 492 1728 (Gratiani
515 1659 675 1727 Decretum,
724 1661 765 1714 ott
779 1677 787 1714 :
802 1661 969 1728 Praecptum
986 1658 1031 1713 vel
1048 1656 1175 1713 inditum
1193 1662 1234 1714 est

379 1761 457 1800 caus.
478 1745 577 1814 ΧΧΧΙΙ,
591 1762 621 1817 q.
642 1762 676 1815 ιι,
726 1747 931 1818 utimpcrutore
945 1748 1003 1815 teqc
1017 1747 1086 1810 tutu.
1096 1751 1129 1802 ut
1141 1749 1234 1816 primo

379 1851 404 1888 e.
419 1851 461 1898 ιιι,
475 1834 674 1904 iligne‚P.L.,
721 1839 926 1908 permitteretur
944 1837 970 1890 ei
990 1851 1048 1890 rem
1064 1836 1233 1904 sumitirrem

380 1925 400 1979 t.
428 1923 612 1992 mxxviii,
644 1941 675 1998 p.
725 1923 1234 1991 litoreusutiuserumure‚tumaeinue

381 2012 470 2084 1310.)
724 2015 899 2085 responderet
921 2013 1042 2083 objectis„
1064 2015 1120 2068 Hoc
1142 2029 1236 2068 omnes

725 2105 796 2172 topos
816 2108 873 2158 tum
894 2103 1088 2157 ecclesiastice
1103 2117 1187 2172 quum
1205 2105 1235 2156 et

724 2195 855 2262 uulpuros
874 2192 1046 2264 publiceque
1059 2192 1236 2262 praecipiunt.

827 2334 832 2345 ,
881 2279 1163 2353 (Ηίιιεεὶιίιιε,ρ.18ι)

208 2429 298 2516 Ergo
333 2449 423 2497 nuno
456 2451 515 2516 pro
546 2439 636 2498 certo
665 2430 824 2500 habemus
847 2430 942 2498 talsas
968 2430 1163 2517 decretaleS,
1192 2428 1237 2497 ab

165 2554 304 2613 exeunte
320 2565 406 2612 anno
421 2548 499 2633 864,
521 2554 554 2612 et
574 2546 747 2614 Anastasio
762 2549 859 2634 piune
869 2557 962 2614 notas
974 2545 1089 2633 tuisse,
1104 2557 1137 2614 et
1150 2565 1237 2634 serpe

166 2669 358 2746 usurpatas.

213 2772 287 2840 Vll.
312 2774 357 2839 At
381 2771 416 2840 in
443 2775 494 2841 his
521 2775 718 2862 etiamque
743 2776 997 2844 monstravimus
1015 2773 1083 2860 jam
1102 2783 1236 2861 apparet

164 2887 246 2956 illud
271 2889 527 2957 Anastasianum
544 2890 734 2978 artificium,
750 2911 815 2978 quo
829 2911 908 2958 sane
928 2889 1037 2957 neseio
1060 2910 1103 2956 an
1126 2888 1237 2974 magis

164 3003 345 3090 quidquem
354 3003 395 3071 ed
409 3005 649 3073 consumendos
660 3005 830 3074 historicos
840 3005 1025 3073 contulerit.
1037 3003 1236 3091 Quanquam

166 3119 256 3185 enim
283 3119 311 3186 is
341 3119 479 3208 scriptor
503 3121 700 3206 pontificius,
721 3142 798 3188 oum
815 3122 876 3188 aliu
891 3119 1236 3208 Pseudo-Isidoriunu,

165 3243 238 3300 tum
260 3235 401 3302 maxime
423 3236 517 3303 effata
535 3237 590 3304 illu
612 3245 782 3304 mutuatus
797 3246 858 3323 est,
880 3236 1053 3323 exquibus
1068 3236 1237 3324 episeopo-

165 3369 240 3416 rum
248 3347 579 3436 judiciumRomanis
589 3350 798 3438 pontificibus
808 3351 1035 3439 dabatur,hrec
1046 3360 1157 3418 temen
1167 3371 1236 3417 non

165 3463 364 3532 nominatim
379 3465 585 3552 significavit,
595 3476 743 3534 auctores
755 3488 822 3534 non
835 3467 958 3554 citavit,
968 3487 1035 3534 non
1050 3475 1147 3534 testes
1160 3486 1236 3553 pro·

165 3577 270 3665 duxit,
281 3588 331 3666 ut,
344 3579 370 3648 si
385 3580 479 3648 illum
490 3582 692 3668 audiremus,
703 3583 770 3650 haec
780 3581 893 3649 eadem
904 3603 940 3650 ex
954 3581 1025 3649 otiis
1037 3579 1237 3669 optimisque

164 3687 310 3762 fontibus
331 3696 504 3764 hausisset.
527 3695 629 3784 Cujus
644 3696 770 3764 artificii
787 3697 961 3765 eonsilium
978 3706 1010 3764 et
1024 3696 1124 3763 [inem
1139 3705 1236 3762 unte-

165 3829 265 3895 quem
279 3810 369 3878 omni
384 3832 420 3879 ex
440 3821 530 3898 parte
544 3811 748 3900 detegemm,
764 3813 825 3880 alia
840 3812 988 3900 quedem
1002 3830 1237 3899 praeponamus

166 4011 251 4046 recens
261 3996 346 4060 editor,
358 3997 409 4062 qui,
419 4003 502 4047 contra
512 4013 584 4063 quem
594 3998 690 4064 scripsit
697 4001 834 4061 Gratianus,
845 3999 897 4048 illus
908 3998 1000 4047 litteras
1012 3999 1033 4046 N
1037 3996 1110 4045 ieolao
1121 3996 1235 4058 denegat,

166 4083 267 4140 propter
277 4077 337 4127 hane
350 4079 425 4128 solam
441 4095 538 4128 causum
551 4079 615 4143 quod
626 4095 655 4128 ex
671 4080 808 4144 pretatione
820 4077 1055 4129 Pseudo-isidoriana
1073 4077 1143 4140 plura
1157 4077 1182 4125 in
1194 4091 1237 4126 eus

167 4155 282 4207 translata
293 4163 361 4219 sunt3
376 4160 416 4209 vix
430 4161 495 4209 enim
506 4159 568 4209 istud
584 4161 673 4210 serium
685 4168 730 4211 est.
743 4160 810 4210 Adde
819 4158 884 4223 quod
894 4158 944 4206 haeo
955 4159 976 4206 N
981 4156 1047 4206 icolei
1061 4157 1122 4206 mire
1134 4172 1236 4206 concor-

166 4237 224 4287 dent
240 4254 296 4287 oum
310 4239 364 4288 eliis
378 4239 466 4290 litteris
480 4256 538 4304 quas
550 4241 655 4304 proxime
669 4242 740 4291 citari
757 4241 789 4304 (p.
805 4239 898 4303 tii-t),
918 4238 1043 4302 inquibus
1061 4239 1152 4302 pariter
1169 4237 1234 4288 idem

169 4333 229 4382 papa
242 4319 334 4369 multus
348 4326 383 4369 est
399 4321 423 4370 in
438 4321 583 4386 receptione
596 4321 681 4386 spatii.
