2960 5052
232 407 261 454 72
328 407 375 456 DE
395 405 562 458 Nlconao
583 405 680 456 Para
701 407 712 456 Ι
733 405 903 464 EJUSQUE
919 404 1200 457 ‘nnn1n1lnrnus

229 548 326 617 oflicii
357 557 473 617 mutuo
498 547 584 616 inter
601 567 718 638 papam
743 557 777 617 et
800 549 1031 638 imperatorem
1060 547 1296 636 constiterunt,

230 665 386 751 convivia,
409 684 559 752 munera,
579 666 757 752 amplexus,
775 665 1004 732 osculationes.

274 777 339 846 Sed
373 798 414 846 ne
455 798 525 846 rem
564 778 700 846 dicendo
727 777 837 846 videar
872 779 1085 866 amplificare,
1122 778 1299 846 audiamus

229 895 419 982 scriptorem
442 895 549 982 ipsum
571 895 773 981 pontificium
801 917 811 963 τ
840 895 980 963 «Tertio
1003 894 1105 982 igitur
1129 915 1299 962 consecra·

229 1010 328 1077 tionis
349 1009 419 1098 ejus
443 1010 496 1078 die
514 1032 590 1077 cum
612 1010 766 1097 Augusto
783 1031 977 1079 convescens
998 1010 1157 1097 ophistico
1175 1009 1300 1077 lamine

230 1123 466 1211 resplendebat,
480 1123 700 1211 claritateque
725 1125 841 1211 plenus
868 1126 1062 1212 epulabatur
1089 1124 1123 1191 in
1153 1123 1297 1192 Christo.

231 1237 404 1325 Finitoque
418 1237 555 1306 convivii
576 1246 731 1326 apparatu
752 1240 932 1326 consurgit,
954 1238 1181 1326 Cesaremque
1203 1239 1301 1327 spiri·

230 1352 341 1440 talem,
369 1362 401 1420 et
427 1352 526 1422 veluti
548 1353 755 1421 carissimum
783 1354 973 1422 deosculans
992 1354 1113 1441 lilium,
1136 1355 1300 1423 immenso

230 1470 444 1538 circumdedit
463 1491 585 1538 amore.
602 1470 662 1537 His
676 1471 786 1559 itaque
804 1472 919 1558 gestis,
944 1472 1174 1540 serenissimus
1190 1470 1301 1560 Impe-

230 1594 318 1653 rator
333 1587 414 1654 urbe
428 1585 588 1672 discessit,
605 1587 780 1674 sedemque
791 1586 827 1652 in
840 1587 922 1672 loco,
936 1587 993 1674 qui
1008 1586 1149 1667 Quintus
1161 1588 1296 1674 dicitur,

230 1701 417 1769 conlocavit.
443 1698 656 1770 Beatissimus
678 1711 788 1769 autem
814 1701 937 1770 Praesul
960 1705 1020 1770 hoc
1041 1702 1178 1770 audiens
1197 1703 1300 1771 dilec-

231 1816 329 1884 tionis
343 1815 414 1904 ejus
428 1817 614 1906 compulsus
627 1816 830 1904 plenitudine
844 1826 940 1904 atque
955 1817 1075 1884 amoris
1087 1817 1127 1885 ad
1142 1818 1298 1887 eumdem

231 1951 307 1999 cnm
332 1932 521 2019 proceribus
546 1941 580 2000 et
602 1932 816 2019 optimatibus
842 1933 950 2000 locum
983 1931 1124 2000 Romani
1150 1934 1299 2000 nominis

230 2049 424 2137 properavit.
446 2049 743 2118 Excellentissimus
762 2071 862 2139 quem
881 2071 957 2118 cum
979 2049 1112 2120 vidisset
1127 2052 1299 2137 Augustus

231 2165 345 2234 obvius
361 2165 397 2232 in
417 2164 594 2232 adventum
614 2163 685 2252 ejus
703 2164 857 2252 occurrit,
881 2164 1078 2252 frenumque
1093 2163 1199 2242 Cesar
1220 2166 1299 2252 equi

232 2279 392 2366 pontificis
428 2278 496 2345 suis
531 2279 685 2346 manibus
722 2280 968 2367 adprehendens
1008 2280 1154 2369 pedestri
1189 2300 1295 2366 more,

232 2402 393 2481 qnantum
407 2392 531 2479 sagitta
540 2392 648 2481 jactus
663 2394 861 2483 extenditur,
880 2395 992 2463 traxit.
1014 2394 1098 2462 Cum
1114 2417 1178 2484 quo
1191 2395 1299 2483 impe·

231 2508 310 2576 riale
325 2507 491 2596 ingressus
506 2509 685 2577 tentorium
697 2510 883 2580 salubribus
895 2511 934 2579 ad
949 2511 1091 2581 invicem
1102 2511 1301 2580 fruebantur

232 2622 380 2711 eloquiis.
409 2622 595 2712 Mensisque
618 2625 723 2712 epulis
744 2605 928 2714 perornatis
950 2627 1072 2715 pariter
1092 2627 1204 2696 cibum
1228 2648 1301 2716 spe·

232 2738 304 2806 ciali
324 2749 534 2827 sumpserunt
551 2741 727 2829 alacritate,
751 2741 859 2809 satiati
882 2742 1015 2810 scilicet.
1037 2740 1170 2811 Satiatis
1189 2742 1301 2830 itaque

232 2852 291 2938 eis,
319 2855 506 2941 mensisque
527 2854 673 2942 remmia,
698 2856 791 2942 plura
810 2855 1039 2924 serenissimus
1067 2855 1177 2924 Casar
1203 2857 1301 2925 beato

232 2968 362 3054 praesuli
372 2969 507 3037 eontulit
518 2969 753 3050 donaQuibus
764 2971 920 3058 susceptis
931 2990 1053 3058 equum
1062 2972 1298 3058 conscendens,

234 3081 322 3148 unde
339 3081 541 3171 discesserat,
568 3084 746 3153 conabatur
764 3085 893 3153 reverti.
908 3084 1081 3172 Angustus
1100 3086 1171 3174 ejus
1186 3106 1299 3154 amore

233 3195 336 3264 lretus
351 3196 528 3283 imperialis
540 3199 616 3286 equi
628 3201 885 3287 superscandens
899 3201 1085 3270 cathedram
1100 3202 1211 3271 ovanti
1222 3223 1300 3270 cnm

234 3331 273 3380 eo
294 3310 466 3381 incedebat
488 3313 589 3380 animi
611 3316 786 3403 voluntate,
811 3314 852 3383 ad
875 3317 1052 3403 quemdam
1072 3316 1206 3405 quidem
1222 3338 1301 3385 oum

234 3543 380 3594 Decretaler
397 3542 676 3608 Pseudo-nidorem,
691 3561 715 3609 p.
730 3545 796 3608 253.)
823 3546 907 3609 ltaque
925 3545 976 3594 reri
993 3544 1075 3596 simile
1092 3551 1130 3596 est
1152 3559 1194 3610 per
1216 3543 1301 3594 lalrern

235 3623 300 3673 illem
315 3623 482 3687 Donationem,
500 3639 572 3688 quam
591 3631 685 3674 constat
698 3633 754 3676 ante
768 3625 860 3677 Nicolai
878 3637 985 3690 tempora
999 3641 1051 3675 esse
1064 3627 1199 3676 conlectam
1217 3627 1254 3688 (r.
1271 3627 1299 3676 C.

238 3705 320 3769 Rapet,
337 3705 374 3754 Lo
384 3705 472 3769 sanese
488 3704 610 3754 donatiuo
624 3705 657 3752 de
671 3705 833 3768 Constantio,
851 3706 927 3767 Paris,
942 3707 1024 3770 test),
1046 3705 1214 3756 llludowicum
1229 3704 1259 3754 ul
1277 3706 1301 3754 ld

236 3783 366 3849 impulsum
380 3785 453 3835 iniere
468 3792 495 3834 ut
506 3785 688 3834 Constantinum
703 3792 835 3835 assumeret
848 3785 1034 3850 inexemplum,
1051 3801 1155 3850 eumque
1166 3799 1263 3850 papam,
1277 3783 1302 3834 in

234 3877 282 3926 quo
298 3870 391 3914 mutam
411 3879 479 3930 apem
496 3868 620 3928 posuerat,
642 3879 736 3912 summo
755 3866 845 3914 bonore
857 3865 1015 3915 coronationis
1029 3865 1162 3926 decoraret,
1178 3879 1206 3915 eo
1223 3865 1303 3926 magis

234 3942 298 4004 quod
319 3943 470 3996 llludouicus
492 3960 539 3995 uon
557 3943 634 3994 solum
647 3944 754 3993 coronari
765 3944 892 3994 Nicolaum
906 3946 1018 4010 voluerit,
1038 3945 1081 3996 sed
1095 3946 1179 4008 etiam,
1192 3945 1303 4007 ejusdem

235 4022 384 4072 Constantini
410 4026 465 4075 licto
489 4026 575 4076 duetus
598 4023 719 4088 exemplo,
745 4023 867 4074 «frenum
890 4025 946 4090 equi
969 4027 1089 4090 pontilicis
1116 4025 1166 4076 suia
1189 4023 1304 4074 manibus

236 4101 417 4165 adprehendens
428 4106 532 4170 pedestri
547 4121 612 4155 more
630 4105 728 4154 traxerit
739 4123 763 4153 n.
786 4104 841 4154 Vita
855 4105 958 4154 Nicolai
973 4106 1092 4168 (Vignoli,
1105 4111 1124 4155 t.
1138 4106 1180 4168 lll,
1196 4119 1221 4169 p.
1235 4107 1301 4166 175).

235 4181 276 4230 Gi.
292 4182 323 4232 h.
341 4181 410 4232 Thiel
431 4187 478 4248 (De
496 4187 601 4236 Nicolno
622 4187 634 4235 1
652 4187 788 4234 cernerent.
806 4184 863 4233 ‹luoe
876 4185 1052 4248 lu'st.·cauou.,
1068 4189 1097 4236 2⁶
1115 4186 1186 4248 diss,
1202 4199 1227 4248 p.
1250 4187 1303 4248 (ll),

235 4261 301 4328 apud
315 4277 388 4329 quem
402 4263 463 4313 hanc
477 4266 585 4316 eamdem
600 4266 736 4332 opinionem
747 4267 799 4328 jam
812 4264 980 4316 adumbratam
995 4267 1082 4331 reperi.
