2954 5050
265 445 309 502 tlt
354 411 554 502 auisttstt
577 449 767 500 lNGENlUll
789 448 835 498 EX
857 447 1057 500 urtsuotts
1077 437 1234 499 Nicottt
1256 450 1268 498 l

309 593 457 662 Profecto
469 591 600 660 mentiri
615 592 715 660 etiam
725 591 883 680 potuisset
898 590 1054 680 apertius,
1069 591 1139 679 sed,
1152 592 1352 678 perfidiose

264 718 394 778 tantum
406 707 607 795 instillanda,
623 707 797 776 utilitatem
812 706 1011 795 duplicabat,
1026 727 1103 774 cum
1118 707 1164 776 sic
1177 708 1280 776 simul
1302 719 1350 777 et

264 825 372 892 Gades
395 825 559 910 episcopos
583 822 754 892 induceret
780 823 816 890 in
838 817 997 908 errorem,
1025 830 1058 890 et
1075 821 1151 908 sihi,
1180 821 1208 889 si
1232 821 1347 890 fraus

262 940 381 1010 deinde
402 939 716 1026 deprehenderetur,
737 937 868 1026 aliquod
891 937 1049 1025 effugium
1071 935 1199 1006 faceret.
1221 937 1348 1006 Tanta

263 1035 333 1125 erat
356 1055 499 1123 hominis
521 1055 686 1122 simulatio
708 1062 742 1122 et
762 1053 918 1123 audacia!

306 1172 522 1258 Quapropter,
553 1191 630 1237 cum
652 1170 704 1238 vix
730 1169 817 1238 credi
836 1171 938 1256 possit
959 1169 1130 1238 Nicolaum
1153 1189 1342 1238 summum

261 1287 447 1376 pontificem
467 1285 589 1353 fraudis
610 1285 681 1374 ejus
702 1285 894 1373 participem
914 1284 1032 1373 luisse,
1056 1285 1163 1372 magis
1184 1283 1343 1352 adducor

262 1402 303 1470 ad
325 1401 524 1471 credendum
540 1400 765 1489 Anastasium,
781 1410 958 1488 antequam
981 1401 1016 1467 in
1034 1401 1200 1488 episcopos
1213 1398 1339 1468 Galliae

261 1520 349 1587 huuc
370 1518 483 1585 dolum
497 1516 680 1602 moliretur,
695 1517 804 1604 ipsum
822 1536 937 1603 papam
952 1515 1128 1602 decepisse,
1144 1515 1176 1582 id
1193 1526 1253 1601 est,
1268 1515 1335 1582 fal-

262 1655 373 1702 sarum
387 1633 597 1701 decretalium
609 1631 817 1720 exemplaria,
831 1641 972 1720 queant
986 1630 1162 1698 aRothado
1175 1631 1332 1718 episcopo

262 1757 437 1836 acceperat,
456 1757 512 1815 aut
532 1748 601 1834 ipsc
618 1767 732 1815 recens
745 1746 1005 1834 transcripserat,
1023 1746 1156 1814 Nicolao
1169 1745 1330 1814 obtulisse

261 1876 418 1952 tanquam
432 1864 472 1932 ab
488 1863 617 1932 archivo
626 1861 775 1931 Romano
789 1863 978 1951 deprompta
990 1862 1012 1930 ¹.
1027 1861 1108 1942 Qua
1122 1881 1219 1930 causa
1234 1862 1282 1930 rei
1296 1861 1330 1928 si

261 1981 313 2047 cui
336 2001 400 2046 non
423 1981 558 2067 placeat,
581 1981 670 2046 hunc
694 1999 786 2066 rogo,
804 1977 994 2064 priusquam
1009 1976 1180 2044 Nicolaum
1197 1985 1330 2044 accuset

260 2094 405 2182 fallaciae,
421 2103 458 2161 ut
473 2092 631 2161 videatau
646 2113 712 2160 non
729 2091 829 2180 possit
841 2091 904 2160 alia
919 2091 1059 2160 inveniri
1073 2089 1233 2160 defensio.

259 2309 408 2372 pontificum
427 2307 452 2356 in
470 2314 519 2358 tcto
536 2307 623 2358 codicis
639 2323 758 2360 canonum
771 2323 869 2372 corpore
889 2307 1004 2358 contineri
1023 2306 1141 2371 descripta
1159 2305 1282 2370 (attendas
1294 2307 1329 2356 ad

260 2385 336 2436 istuda
351 2406 362 2433 a
373 2389 523 2449 Quanquam
533 2388 608 2452 r'lloo,
620 2404 647 2438 ax
658 2403 704 2454 quo
716 2389 858 2450 intelligitur
871 2389 972 2438 hocloco
981 2388 1078 2438 easdam
1084 2386 1215 2437 decretales
1224 2387 1264 2448 asi
1271 2402 1327 2452 quar

260 2481 333 2528 supra
348 2467 372 2515 in
380 2467 475 2516 archivo
486 2469 593 2518 Romano
601 2469 732 2535 antiquitus
746 2470 823 2518 inesse
833 2468 993 2532 dicebantur),
1008 2468 1124 2532 cumipsi‚
1136 2467 1177 2516 uhi
1188 2483 1237 2516 suae
1246 2468 1329 2516 luten·

258 2547 318 2596 tioni
330 2547 380 2596 hue
393 2548 517 2608 suffragari
533 2549 692 2614 conspiciunt,
702 2550 755 2599 illis
769 2549 948 2614 indifferenter·
961 2551 1081 2612 utantur,
1093 2556 1119 2598 et
1130 2547 1278 2598 aolumnunc
1290 2547 1322 2597 ad

259 2628 453 2680 imminutionem
469 2632 591 2694 potestatis
604 2631 675 2689 ¹sadis
690 2630 823 2694 apostolica
844 2636 869 2680 et
888 2629 922 2680 ad·
936 2645 1035 2680 suorum
1051 2636 1208 2692 augmentum
1225 2628 1324 2694 priuile-

260 2709 355 2770 giorum
369 2710 447 2760 minus
461 2717 560 2774 accepta
572 2726 624 2760 csse
643 2711 793 2774 perhibeant.
809 2713 872 2760 Nam
891 2710 1003 2761 nonnulla
1017 2725 1100 2760 eorum
1116 2707 1255 2774 (Gallorum
1269 2707 1327 2771 api-

217 2827 219 2832 .
259 2795 398 2855 acopomm)
415 2791 504 2856 scripta
520 2805 593 2856 penes
606 2805 650 2841 nos
666 2790 793 2854 hahentur,
804 2806 856 2856 quaa
872 2805 918 2840 non
927 2791 1003 2840 solum
1018 2804 1226 2854 quorumcumque
1235 2789 1326 2838 lloma·

259 2885 343 2920 norum
362 2871 510 2936 pontificum,
530 2885 613 2921 rarum
634 2871 708 2920 etiam
726 2873 842 2936 priorum
860 2871 963 2922 decretu
984 2873 1012 2920 in
1031 2873 1084 2921 aare
1099 2870 1183 2920 carnia
1195 2870 1323 2934 preferre

169 2989 171 2994 ,
258 2954 429 3001 noscuntur.»
457 2952 515 3010 Quae
532 2951 613 3015 verba,
631 2957 658 2999 ut
678 2967 750 3016 supra
770 2951 993 3015 domonstravimus,
1014 2949 1086 3000 falsas
1108 2949 1238 3000 decretales
1251 2949 1323 3000 certia

259 3029 353 3078 indiciis
366 3035 457 3080 notant.
469 3030 571 3094 (Migne,
584 3037 603 3080 t.
618 3031 703 3094 cxlx,
716 3047 740 3096 p.
753 3034 796 3082 att
807 3047 815 3095 3
828 3032 860 3081 cf.
874 3031 1062 3096 appendicem.)

291 3113 313 3158 l.
331 3108 394 3158 Olim
409 3111 508 3160 Carolus
525 3111 555 3160 de
573 3111 665 3175 Smadt,
683 3112 722 3161 cui
737 3111 835 3176 quidam
852 3126 898 3161 non
913 3118 996 3161 notum
1013 3117 1065 3162 erat
1080 3125 1140 3175 quas
1156 3116 1239 3175 partas
1253 3111 1320 3160 Aua·

259 3188 345 3238 staaius
359 3189 383 3237 in
400 3189 487 3238 litteris
500 3189 590 3240 Nicolai
606 3191 726 3257 hahuerit,
741 3191 877 3257 opinionem
892 3193 917 3242 iu
927 3192 971 3241 hac
985 3206 1011 3241 re
1024 3191 1155 3256 proposuit,
1169 3205 1243 3256 quam
1257 3203 1323 3239 uuna

214 3337 216 3342 ι
258 3274 352 3319 constat
367 3269 461 3333 probari
476 3284 523 3319 non
535 3284 614 3334 posse.
631 3272 672 3323 Sic
683 3273 747 3321 enim
762 3271 913 3322 doctissimus
924 3271 964 3322 illa
976 3272 1022 3335 vir,
1038 3286 1093 3321 com
1107 3270 1218 3320 eamdam
1233 3269 1323 3320 Nicolai

258 3349 385 3413 epistolam
394 3348 552 3415 eumdemque
566 3349 645 3400 locum
659 3357 744 3412 agaret
757 3351 787 3402 da
801 3367 848 3416 quo
869 3367 912 3402 nos
925 3353 997 3402 etiam
1013 3351 1082 3416 plura
1094 3351 1220 3400 dirimust
1236 3349 1279 3402 «11
1293 3364 1324 3399 na

258 3429 356 3480 riendra
371 3429 386 3478 e.
402 3429 494 3494 l'esprit
511 3429 613 3480 d'aucuu
636 3431 666 3481 de
688 3448 732 3483 noa
755 3431 858 3483 lectaurs
876 3447 924 3497 que
941 3432 965 3482 la
987 3433 1096 3483 dernier-a
1114 3432 1191 3496 partie
1210 3431 1242 3482 da
1261 3437 1325 3482 cette

258 3511 345 3574 phrase
361 3510 478 3560 renferme
490 3525 535 3561 una
546 3511 689 3561 affirmation
704 3513 861 3575 mensongerc
872 3513 972 3562 tendant
982 3512 997 3562 l
1009 3513 1070 3562 faire
1081 3513 1157 3562 croire
1167 3526 1215 3576 qua
1226 3511 1249 3562 la
1260 3517 1324 3562 texta

258 3591 415 3655 authentiqna
429 3589 470 3639 dea
486 3589 617 3640 decretales
626 3591 886 3654 pseudo-isidoriennaa
899 3593 958 3642 etait
969 3592 1083 3642 conserve
1097 3592 1156 3642 dans
1168 3591 1204 3642 las
1216 3592 1325 3642 archiraa

258 3672 288 3722 da
303 3675 388 3723 Rome.
411 3672 444 3720 Le
459 3671 535 3732 grand
550 3673 669 3721 caractere
683 3672 713 3722 de
725 3675 746 3723 N
750 3673 821 3723 icolas
834 3675 868 3724 l0¹
881 3673 904 3724 la
918 3679 968 3723 met
984 3673 1083 3723 ll'ahri
1097 3673 1154 3723 d'un
1167 3673 1202 3722 tal
1218 3687 1325 3737 soupcon

260 3755 294 3816 (at
309 3751 428 3803 Anastaaii
441 3758 565 3800 versutum
583 3751 706 3812 ingenium
724 3767 781 3803 num
794 3753 836 3803 tali
851 3753 987 3819 suspicione
1003 3753 1157 3818 liberaturi).
1167 3755 1204 3804 On
1222 3767 1252 3802 na
1266 3757 1326 3818 peut

257 3833 309 3881 roir
322 3833 485 3883 eridemment
494 3831 553 3880 dans
568 3837 676 3880 oesmots
686 3847 733 3896 qua
741 3831 847 3883 l’enonoe
856 3833 926 3884 d'une
939 3833 1060 3883 condition
1072 3833 1182 3896 generale
1195 3832 1325 3898 llaqualla

258 3916 370 3966 devaient
383 3916 501 3966 satisfaire
519 3915 555 3970 las
569 3914 699 3966 decretales
715 3917 847 3967 attribuees
862 3933 907 3968 aux
924 3919 999 3983 Papes
1012 3932 1072 3982 pour
1085 3916 1151 3966 avoir
1164 3917 1229 3966 force
1242 3915 1272 3966 da
1291 3915 1323 3966 loi

261 3995 352 4062 (itaque
364 3997 388 4046 in
403 3998 448 4047 hoc
462 4003 498 4046 est
508 3997 656 4047 mendacium
671 4002 695 4046 et
709 3995 772 4044 fraus
785 3998 905 4047 Anastasii
914 3997 977 4063 quod
988 3997 1125 4060 genamlem
1135 3997 1200 4048 illam
1214 3995 1323 4059 regulam

259 4079 394 4139 preposuit,
408 4083 434 4126 ut
448 4079 559 4142 probaret
570 4077 639 4128 falsas
651 4076 780 4128 decretales
788 4077 888 4142 rigare).
904 4081 938 4130 Ca
952 4094 1007 4128 sens
1025 4085 1062 4128 est
1075 4078 1189 4129 conflrme
1204 4076 1323 4128 d'ailleura

259 4169 301 4220 par
315 4155 337 4204 la
351 4157 464 4222 presence
478 4159 509 4208 du
532 4166 582 4209 mot
596 4158 737 4222 duntaxat,
753 4157 909 4224 ineaplicable
923 4159 981 4208 dans
997 4159 1081 4210 l'antre
1097 4159 1230 4226 hypotheca
1243 4155 1321 4222 (quod

258 4249 315 4283 sana
328 4235 429 4286 nimium
441 4239 580 4304 explicatur,
598 4249 622 4290 et
638 4241 732 4306 inquo,
751 4246 777 4289 ot
793 4244 849 4290 aula
862 4239 1058 4304 monstravimus,
1079 4254 1148 4290 mana
1172 4237 1323 4290 fraudulenta

259 4314 361 4365 marimo
380 4317 532 4382 ostenditur).
550 4321 580 4370 Et
597 4320 655 4370 c'art
674 4336 730 4371 sans
747 4320 819 4371 doute
838 4335 909 4395 parca
926 4335 974 4386 qna
991 4321 1087 4372 Nicolaa
1104 4336 1135 4370 na
1150 4327 1234 4370 trouva
1254 4318 1322 4383 point
