3006 5050
283 463 328 516 1¹6
483 457 722 510 Anastasius
745 456 904 508 Nlcotnt
927 458 939 508 1
963 456 1146 508 LITTERAS

283 623 366 689 sare,
384 603 420 669 in
442 601 641 670 contrariam
656 609 785 687 partem
806 609 1007 683 convertere,
1027 599 1165 685 hostem,
1183 608 1219 666 ut
1240 599 1288 666 ita
1302 599 1349 667 di·

281 738 367 805 cam,
394 738 453 784 suo
474 715 583 802 gladio
606 717 777 784 conficere.
805 713 905 802 Apud
921 713 1016 781 illum
1043 713 1150 782 ironia
1178 712 1347 803 frequens,

282 832 378 900 modo
392 829 506 915 faceta,
522 829 733 899 acerbissima
747 831 955 918 plerumque.

325 946 419 1028 Quod
433 947 461 1014 si
475 945 590 1036 (pauca
604 945 693 1014 enirn
708 964 745 1012 ex
761 945 887 1032 ingenti
898 945 995 1013 turha
1007 945 1152 1032 exempla
1168 943 1346 1034 proferam)

281 1061 430 1149 Michael,
454 1063 630 1148 imperator
654 1058 869 1148 Byzantinus,
896 1059 1054 1128 Romanis
1085 1059 1259 1127 barbaram
1282 1059 1350 1127 lin-

281 1195 381 1262 guam
411 1174 593 1262 exprobrat,
626 1174 670 1241 ita
697 1173 892 1242 Anastasius
916 1174 1120 1260 respondet:
1151 1199 1168 1239 a
1186 1173 1350 1256 Quiesrite

281 1290 384 1380 iqitur
411 1311 472 1357 vos.
497 1309 692 1381 nuncupare
723 1292 891 1357 Romanos
924 1288 1138 1379 imperatores
1142 1310 1158 1374 ;
1184 1289 1348 1379 quoniam

281 1402 458 1474 secundum
478 1415 620 1474 nestram
640 1403 837 1474 sententiam
856 1402 993 1472 barbari
1005 1415 1094 1490 sunt,
1120 1425 1264 1494 quorum
1289 1427 1349 1472 oos

282 1522 496 1611 imperatores
522 1542 588 1588 esse
611 1519 769 1588 asser-itas.
799 1519 946 1588 Romani
971 1518 1095 1610 quippe
1125 1518 1189 1587 irae
1214 1519 1345 1610 linqua,

283 1658 386 1728 quam
421 1634 600 1702 barbaram
631 1657 688 1702 uos
722 1646 754 1702 et
784 1634 975 1725 Scythicam
1015 1633 1154 1721 vocatis,
1189 1646 1346 1704 utuntur.

285 1751 444 1835 Quieseite
472 1751 549 1840 jam
578 1762 690 1840 utpote
721 1762 826 1818 tanta
858 1749 1082 1818 detestationis
1109 1748 1288 1818 dictionem
1313 1751 1348 1817 in

283 1879 388 1935 uestro
401 1865 528 1956 palatio
540 1887 733 1954 memorare,
748 1877 780 1934 et
792 1865 900 1934 adduc
911 1866 943 1933 si
955 1865 1097 1957 pleniter
1106 1864 1201 1932 illam
1217 1888 1350 1935 caecru-

283 1982 381 2071 mini,
395 1982 497 2050 etc'am
511 1981 553 2049 ab
573 1980 713 2049 ecclesiis
726 1981 840 2049 vesnis
855 2002 1018 2050 remouere
1034 1981 1175 2071 sataqite
1184 1979 1212 2048 ¹.
1228 2005 1246 2046 n

327 2097 420 2166 Idem
434 2097 570 2165 Michael
585 2097 761 2185 imperator
774 2096 978 2182 Theognosto
995 2106 1028 2164 et
1043 2096 1201 2164 Romanis
1215 2097 1352 2165 crimini

284 2215 417 2284 verterit
437 2213 525 2298 quod
543 2212 663 2301 Ignatii
685 2213 834 2300 partibus
859 2213 1061 2281 adhaererent
1086 2209 1353 2300 Gregoriumque

284 2330 529 2416 Syracusanum
545 2338 749 2416 respuerent,
770 2349 844 2398 ease
863 2329 904 2396 ab
926 2329 1100 2397 Anastasio
1113 2327 1146 2395 id
1163 2327 1353 2397 confutatur

284 2442 336 2510 his
358 2443 466 2511 verbis
491 2464 500 2511 ε
531 2469 547 2506 a
566 2441 656 2525 Ouid
678 2466 756 2534 erpo
776 2442 850 2534 quis
874 2455 998 2535 peccat,
1028 2443 1058 2510 si
1082 2465 1121 2510 ea
1150 2441 1243 2530 dicit,
1273 2465 1353 2534 quae

284 2577 340 2624 vos
362 2556 483 2626 dmisse
500 2561 652 2626 constat?
679 2561 764 2627 Ecce
786 2560 876 2626 enirn
898 2559 1023 2650 scripta
1042 2571 1148 2626 vestra
1173 2557 1277 2626 missa
1305 2558 1357 2626 ad

285 2683 517 2741 antecessorem
546 2688 708 2762 nostrum,
746 2697 821 2764 qua
857 2696 956 2764 penes
988 2696 1047 2741 nos
1074 2673 1244 2742 recondita
1277 2696 1354 2741 ser-

285 2801 419 2877 vantur,
449 2788 611 2880 quosdam
632 2789 740 2880 partis
771 2789 924 2880 Greqorii
957 2788 1178 2879 Syracusani,
1213 2811 1356 2879 conpre-

284 2904 372 2993 patis
388 2904 560 2994 episcopis,
590 2904 689 2972 etiam
708 2903 838 2972 absente
859 2906 969 2994 fratre
985 2916 1097 2972 nostra
1120 2903 1267 2995 Ipnatio,
1294 2925 1357 2971 vos

284 3017 585 3088 anathematizasse
597 3031 769 3088 testantur.
788 3018 878 3100 Ouid
891 3040 968 3109 erpo
978 3019 1145 3110 quispiam
1160 3017 1357 3109 delinquit?

292 3130 349 3199 Vel
358 3153 418 3198 nos
438 3132 475 3199 in
487 3156 565 3224 quo,
582 3157 752 3224 ropamus,
769 3133 970 3226 offendimus
987 3135 1082 3225 (licet
1094 3155 1151 3201 vos
1172 3156 1266 3202 uersa
1280 3133 1357 3204 viee

286 3245 376 3336 quod
388 3257 466 3314 tunc
479 3247 651 3338 laudastis,
665 3271 757 3318 nunc
770 3249 967 3339 vituperitis,
995 3261 1025 3316 et
1038 3271 1120 3340 quos
1143 3261 1221 3316 ncnc
1235 3270 1307 3316 reos
1320 3262 1358 3317 et

287 3360 460 3430 damnatos
472 3364 729 3454 pronuntiastis,
746 3388 836 3432 nunc
853 3365 947 3432 miris
967 3363 1146 3456 praeconiis
1167 3364 1314 3456 efferatis

285 3476 317 3546 si
329 3475 421 3568 quod
430 3477 603 3568 scripsistis
617 3479 827 3570 credidimus,
843 3491 874 3548 et
885 3478 977 3572 qrrod
988 3478 1132 3568 dmutr's,
1146 3501 1206 3548 nos
1218 3501 1354 3572 quoque

286 3615 374 3662 nunc
390 3591 530 3661 dicimus
539 3592 610 3661 ’tn

330 3707 474 3778 ironiam
494 3710 633 3797 amplius
651 3708 787 3780 sortasse
810 3710 968 3800 requiris3
997 3720 1031 3778 at
1057 3731 1130 3798 qua
1156 3729 1226 3780 esse
1248 3719 1359 3799 potest

285 3824 390 3894 ironia
415 3825 590 3913 crudelior,
630 3846 729 3912 quam
757 3847 833 3893 curu
869 3827 1079 3916 Anastasius,
1118 3835 1156 3895 ut
1185 3825 1357 3896 Michaelis

286 3939 490 4028 imperatoris
519 3939 771 4028 Graoorumque
790 3941 978 4030 superbiam
1002 3941 1180 4030 frangeret,
1204 3951 1357 4010 recentes

286 4234 297 4278 t
318 4151 449 4282 gxilipoolai
470 4155 552 4220 Epist.
572 4155 609 4207 ad
621 4153 769 4207 Miciaeiem
783 4155 874 4219 imper.
886 4155 981 4219 (coleti,
999 4161 1018 4206 t.
1034 4156 1078 4216 IX,
1093 4169 1118 4220 p.
1132 4156 1238 4218 tuen-13
1257 4154 1345 4218 iiigue

299 4263 306 4279 .
398 4235 518 4298 ‚petit

318 4312 341 4360 2.
354 4308 447 4359 Nioolai
462 4314 544 4374 aput.
557 4314 599 4364 ad.
614 4315 761 4368 dionaeam
775 4314 871 4379 (coleti,
886 4330 911 4380 p.
926 4318 999 4381 13373
1013 4315 1107 4379 Minue,
1120 4329 1145 4378 p.
1159 4317 1225 4378 est).
