2960 5052
576 431 795 483 PROOEMIUM
1190 436 1220 484 at

156 580 274 642 autem
289 571 421 660 scripta
437 578 493 641 est
512 573 595 641 dum
609 573 641 642 is
655 573 939 644 bibliothecarius
962 573 998 643 in
1026 575 1123 644 curia
1147 580 1221 646 Ro-

155 717 261 766 mana
277 699 424 765 multum
440 695 603 783 valeret¹,
626 704 686 766 aut
700 699 797 768 nulla
818 698 929 766 estin
953 697 996 768 iis
1021 700 1221 787 presbyteri

155 821 346 890 cardinalis
361 819 524 906 mentio²,
547 830 607 890 aut
628 822 660 890 si
684 841 753 910 qua
775 823 818 892 de
837 822 898 892 illo
922 829 1121 900 narrantur.
1142 826 1220 894 haec

148 945 227 1034 jam
241 951 430 1020 narrantur
443 945 609 1032 benigne,
625 965 670 1014 ne
686 946 801 1014 dicam
811 946 1011 1034 benignius.
1026 951 1068 1016 Et
1079 948 1221 1036 quidem

153 1074 281 1138 auctor
304 1069 394 1139 Vitae
420 1069 588 1138 Hadriani
610 1073 641 1138 ΙΙ
663 1089 734 1139 non
758 1069 945 1140 intermisit
969 1071 1126 1140 scribere
1150 1093 1220 1161 quo

152 1200 314 1282 tempore
344 1194 555 1263 Anastasius
581 1194 616 1262 in
640 1194 799 1263 ordinem
828 1195 1052 1264 sacerdotum
1078 1197 1122 1264 ab
1149 1199 1221 1266 Ha-

151 1317 278 1386 driano
293 1322 325 1386 ΙΙ
348 1319 516 1386 reductus
533 1317 608 1404 sit³,
638 1319 703 1387 sed
731 1319 833 1406 quus
861 1319 987 1388 deinde
1011 1319 1160 1388 sceleris
1184 1321 1220 1390 in

152 1442 395 1531 suspicionem
418 1443 590 1526 inciderit,
620 1462 709 1531 quas
740 1443 876 1512 dederit
906 1463 1047 1532 poenas,
1081 1445 1221 1515 silentio

149 1567 325 1656 praeteriit
337 1567 489 1654 scriptor
504 1567 741 1636 cautissimus.

199 1694 234 1758 2.
250 1691 334 1760 Aliis
351 1697 469 1759 autem
478 1690 659 1760 historicis
671 1691 766 1760 aliud
779 1692 915 1761 exsistit
926 1692 1079 1762 dubium.
1095 1695 1221 1772 «Quod

151 1815 326 1900 sideest,
347 1815 518 1903 inquiunt,
536 1822 573 1883 ut
586 1816 797 1885 Anastasius
812 1815 1099 1887 bibliothecarius
1114 1819 1221 1887 fuerit

150 1960 200 2008 ex
225 1959 372 2008 numero
399 1940 624 2008 sacerdotum
646 1940 888 2018 cardinalium,
906 1941 990 2029 quid
1008 1948 1064 2010 est
1083 1962 1147 2010 cur
1160 1943 1220 2010 ille

149 2064 191 2132 in
200 2063 273 2132 suis
283 2064 442 2152 epistolis
452 2064 556 2133 modo
569 2084 608 2133 se
620 2065 794 2149 abbatem,
803 2065 908 2134 modo
917 2065 1219 2134 bibliothecarium

150 2187 483 2276 sedisapostolicae,
499 2175 602 2258 inodo
613 2189 922 2276 utrumquesimul,
934 2210 1220 2279 nunquampres·

149 2315 315 2399 byterum
334 2311 640 2381 nominaverit⁴?»
656 2349 701 2362 -
719 2317 795 2392 Qua
814 2313 857 2382 de
876 2333 986 2384 causa
1006 2315 1218 2384 Anastasius

147 2437 230 2525 ipse
252 2437 413 2505 scribens
427 2456 448 2506 a
462 2436 604 2505 nomine
629 2437 825 2513 sacerdotis
851 2437 1070 2523 abstinuerit,
1096 2439 1217 2508 omitto

150 2579 337 2648 quaerere3
376 2560 440 2628 sed
476 2566 612 2629 tantum
638 2562 740 2630 abest
768 2566 806 2628 ut
829 2560 911 2629 inde
940 2561 1071 2650 aliquid
1101 2561 1219 2652 colligi

146 2684 277 2774 possit,
290 2689 328 2751 ut
343 2686 436 2752 hunc
446 2684 748 2753 bibliothecarium
763 2684 956 2753 debeamus
970 2687 1218 2773 presbyterum

148 2809 347 2896 appellare,
378 2806 610 2877 etiamsinon
646 2808 739 2876 idem
770 2814 869 2878 esset
897 2814 1002 2896 atque
1031 2810 1218 2896 presbyter

148 2936 188 3004 S.
204 2933 372 3001 Marcelli.
399 2936 522 3001 Exstat
546 2932 638 3001 enim
661 2933 776 3001 adhuc
800 2933 915 3001 Photii
936 2932 1149 3021 patriarchae
1173 2933 1218 3002 ad

149 3078 235 3127 eum
244 3057 356 3126 missa
366 3057 527 3146 epistola,
542 3057 597 3144 cuj
603 3077 644 3125 us
654 3058 734 3126 baec
746 3062 801 3126 est
809 3057 991 3147 inscriptio
1003 3083 1010 3125 :
1024 3083 1041 3121 «
1057 3065 1220 3150 Ἀναστασίῳ

189 3256 212 3304 Ι.
229 3253 292 3302 llinc
306 3251 370 3302 illius
382 3251 508 3317 prudentia
520 3257 592 3317 atque
610 3251 744 3318 eloquentia
765 3250 789 3301 in
804 3252 849 3302 hnc
868 3252 925 3304 vita
944 3250 1055 3302 laudibus
1068 3257 1218 3302 exornantur.

147 3335 188 3385 V.
204 3346 285 3396 supra,
297 3347 322 3396 p.
337 3334 362 3382 3.

183 3415 208 3462 2.
222 3412 249 3460 ln
265 3413 323 3462 Vita
333 3411 439 3462 Nicoloi
449 3410 514 3461 nulla
525 3418 563 3462 cst
576 3411 694 3463 Anastasii
709 3411 807 3462 mentio.

183 3494 207 3541 3.
225 3490 378 3556 «Simulque
396 3492 544 3555 Anastasius,
560 3491 602 3556 qui
620 3491 742 3540 duduma
764 3491 854 3552 Leone,
876 3488 1053 3555 benedictoque
1067 3488 1217 3555 pontificibus

147 3571 298 3637 presbyterio
316 3570 450 3620 denudatus
473 3570 535 3620 inter
557 3571 629 3620 laicos
647 3570 823 3620 communicare
843 3568 925 3619 solitus
947 3575 1007 3632 crat,
1032 3567 1218 3620 ecclesiasticam

146 3650 344 3700 communionem
357 3649 402 3699 sab
415 3664 530 3714 conpr-uo
543 3651 717 3712 substractione
731 3649 897 3714 receperint.»
917 3649 976 3700 Vita
986 3649 1115 3699 Hadriani
1124 3648 1158 3710 11,
1166 3659 1217 3697 nx

150 3729 271 3795 (Vignoli,
285 3736 305 3779 t.
321 3731 366 3792 ΙΙΙ,
380 3745 404 3796 p.
418 3729 482 3794 226).
497 3728 569 3782 Vides
580 3737 607 3778 ut
618 3729 703 3779 leviter
713 3729 803 3780 dictum
815 3728 847 3779 sit
856 3727 914 3778 illud
926 3744 941 3776 c
954 3743 968 3777 a
982 3730 1061 3778 Leone
1070 3726 1217 3792 presbyterio

147 3809 285 3859 denudatus
300 3829 323 3872 a,
340 3823 395 3859 curn
414 3824 496 3859 revera
513 3809 652 3860 Anastasius
669 3824 683 3858 a
706 3810 785 3859 laone
806 3809 838 3859 lV
861 3809 946 3858 luisset
961 3825 975 3856 u
989 3806 1217 3867 excommunicatus,

147 3889 283 3954 depositus,
298 3895 323 3940 ct
342 3889 495 3940 anathemato
516 3889 612 3939 rinctus
632 3907 656 3940 a.
682 3889 740 3941 Vita
761 3889 892 3940 Bertedieti
912 3889 957 3952 ΙΙΙ,
977 3903 1000 3938 c.
1021 3899 1071 3937 vni
1095 3885 1217 3952 (viganti,

147 3986 177 4036 p.
194 3969 259 4032 llo).

182 4051 209 4098 Ι.
231 4066 243 4094 α
258 4047 278 4098 ΙΙ
293 4054 374 4098 nostro
390 4049 515 4099 Anastasio
536 4064 584 4099 non
604 4049 629 4098 lu
646 4048 694 4099 mai
707 4047 837 4112 cardinale,
854 4063 868 4098 s
884 4047 901 4097 il
926 4046 977 4096 solo
991 4046 1058 4096 titolo
1076 4045 1122 4097 cbo
1147 4063 1161 4097 a
1182 4047 1217 4097 lui

146 4127 264 4190 vaggiam
279 4126 335 4177 dato
352 4129 392 4178 ne’
409 4128 472 4179 titoli
490 4128 553 4180 della
582 4143 623 4178 sue
636 4144 716 4194 opere,
744 4128 765 4178 si
780 4129 794 4178 ὸ
810 4111 889 4193 quello
910 4126 934 4176 di
955 4126 1138 4178 bibliothecario
1153 4126 1217 4178 della

148 4208 209 4258 sede
222 4208 360 4272 apostolica.
374 4227 386 4256 a
403 4209 552 4272 Tirabosebi,
565 4210 651 4260 Sioriu
662 4209 730 4260 dello
740 4203 890 4258 alteratum
899 4207 1016 4272 itolz'ana,
1031 4213 1049 4259 t.
1063 4210 1105 4270 ΙΙΙ,
1122 4222 1147 4273 p.
1159 4210 1215 4259 ΙΙΙ.

148 4290 202 4340 Nec
215 4287 309 4339 ridetur
318 4288 384 4343 doct.
401 4289 437 4340 rir
450 4289 570 4341 Anastasii
582 4289 737 4340 prolationes
750 4303 831 4339 omnes
839 4287 937 4351 legisse.
