2944 5060
521 388 716 440 APPENDIX
742 388 855 440 Paion
1170 391 1216 440 313

152 530 222 606 quid
236 529 374 586 adunam
388 529 463 586 Petri
482 530 582 588 sedem
604 532 710 588 delerri
724 549 783 588 non
798 531 932 588 curetur‘l
947 532 995 588 Vel
1016 531 1161 605 quomodo
1176 533 1216 590 nil

154 637 276 693 usquam
302 637 320 675 a
342 637 393 675 suo
415 619 507 692 capite
530 619 657 694 dissidet,
683 639 750 678 cum
778 621 813 677 de
843 621 1040 694 adjudicandis
1065 621 1217 694 precipuis

153 709 291 764 membris
301 709 444 776 Ecclesia,
461 708 491 764 id
504 712 556 777 est,
571 709 710 783 episcopis
722 710 742 779 1,
759 710 894 783 6666116,
909 711 939 766 id
952 714 1005 779 est,
1020 709 1088 766 sedo
1101 715 1217 782 aposto-

153 798 218 867 lica,
235 797 465 853 dissentitistAn
480 799 560 854 sedes
575 799 732 870 apostolica
748 803 834 872 caput
851 817 910 856 non
929 799 990 855 est‘l
1002 800 1118 855 Frustra
1136 817 1215 872 erga,

154 890 186 942 ut
204 886 296 942 multa
312 891 494 960 praeteream,
515 889 669 944 concilium
688 888 855 945 Sardicense
871 889 909 944 ad
924 889 1030 946 Julium
1050 889 1215 963 episcopum

152 975 230 1032 inter
243 980 339 1032 cetera
354 976 443 1033 dixit:
460 978 597 1048 Optimum
612 983 638 1033 et
650 979 730 1034 valde
744 982 1016 1048 couprueutt'ssimum
1031 981 1216 1048 esseoidetur,

153 1068 179 1121 si
192 1066 229 1120 ud
242 1066 377 1136 reputed
389 1067 472 1122 estad
483 1069 558 1122 Petri
570 1067 688 1139 apostoli
699 1067 797 1135 sedem,
810 1068 842 1123 de
856 1069 971 1138 61666116
991 1068 1145 1138 quibusque
1153 1085 1217 1141 pro-

153 1157 251 1212 6166116
265 1158 373 1212 Domini
390 1158 512 1223 reserant
529 1155 711 1213 sacerdotest.
732 1157 802 1213 Ecce
817 1157 916 1212 sedem
930 1156 1005 1212 Petri
1020 1160 1105 1229 caput
1121 1160 1218 1231 appel-

154 1244 254 1312 latam,
266 1245 312 1300 cui
327 1244 362 1299 (16
380 1245 500 1316 singulis
515 1245 666 1317 provinciis
679 1245 792 1301 Domini
804 1245 912 1301 referre
923 1246 1086 1302 sacerdotes
1100 1246 1215 1305 debent.

153 1334 289 1388 licentra
303 1350 352 1389 666
375 1333 448 1389 adeo
468 1335 543 1392 hanc
563 1333 717 1407 despicitis,
738 1337 770 1388 ut
789 1335 825 1389 ad
841 1351 907 1390 eam
922 1335 993 1390 nihil
1009 1335 1043 1389 (16
1058 1335 1217 1407 majoribus

153 1423 287 1478 Ecclesiae
302 1423 425 1494 negotiis
439 1423 547 1479 referre
560 1425 674 1492 curetis,
691 1440 724 1479 66
739 1423 903 1495 6616666661
921 1423 1083 1480 1666666116
1102 1429 1131 1480 61
1151 1442 1218 1480 666-

153 1516 263 1584 tempta
277 1511 327 1568 illa
342 1513 489 1585 deponere
508 1514 696 1586 presumatis,
713 1516 741 1569 et
754 1513 898 1585 praecipue
915 1514 1015 1570 sedem
1031 1516 1217 1586 apostolicam

154 1602 357 1674 appellantem.

189 1691 279 1746 o'imis
293 1707 419 1764 namque
435 1691 590 1747 absurdum
604 1691 737 1763 estquod
751 1690 853 1760 dicitis,
866 1691 1042 1758 Rothadum‚
1057 1692 1106 1763 qui
1120 1691 1156 1746 ad
1168 1692 1217 1763 ju-

153 1779 262 1834 dicium
283 1779 357 1836 sedis
381 1780 545 1852 apostolicae
566 1780 741 1853 provocavit,
763 1780 869 1835 iterum
893 1784 1004 1836 mutata
1022 1796 1102 1848 voce,
1124 1784 1217 1835 vestra

150 1869 261 1941 judicia
274 1870 442 1942 postulasse.
462 1869 544 1935 Quod
565 1869 677 1924 etiamsi
691 1869 732 1923 ita
746 1869 853 1938 luisset,
871 1887 888 1924 a
902 1872 994 1924 vestra
1008 1869 1103 1924 iuerat
1114 1869 1217 1924 irater-

153 1959 244 2013 nitate
259 1958 454 2030 corrigendus,
472 1962 501 2014 et
513 1958 581 2030 quia
593 1976 610 2013 6
621 1957 727 2030 majori
738 1958 774 2014 ad
788 1959 908 2014 minoris
922 1957 1099 2014 auctoritatis
1113 1973 1217 2030 provo-

153 2052 246 2103 casset
256 2046 420 2121 judicium3
440 2047 647 2104 emendandus.
664 2049 741 2104 Licet
763 2049 847 2104 certis
862 2065 922 2104 non
937 2050 1035 2120 patere
1050 2047 1138 2119 possit
1153 2047 1217 2101 ullis

153 2135 267 2192 indiciis
285 2140 413 2193 anostro
430 2137 510 2193 illum
530 2138 566 2192 ad
587 2141 680 2194 vestra
695 2137 850 2193 cucurrisse
869 2137 990 2209 judicia,
1004 2153 1091 2209 quem
1106 2140 1217 2192 constat

152 2226 183 2281 in
198 2225 260 2297 ipso
275 2226 393 2281 articulo
409 2229 552 2282 66616666
567 2226 748 2299 proferendae
760 2225 908 2282 sententiae
918 2225 1018 2281 sedem
1029 2225 1217 2298 apostolicam

153 2314 324 2387 appellasse,
346 2317 374 2370 et
396 2315 493 2387 quod⁴
511 2332 540 2370 se
561 2317 597 2371 ab
615 2315 665 2371 illa
677 2315 800 2388 judicari
812 2314 962 2388 posceret⁵
974 2331 1073 2371 coram
1085 2315 1217 2371 omnihus

153 2403 338 2460 exclamasse.
352 2406 476 2477 AEquum
490 2421 549 2459 non
563 2405 648 2473 foret,
665 2405 688 2459 si
702 2403 739 2459 ad
753 2407 846 2460 vestra
861 2421 890 2458 se
900 2404 1010 2475 judicia
1024 2404 1215 2472 convertisset,

153 2493 296 2566 quamvis,
310 2494 364 2548 6161
378 2494 477 2549 sedem
492 2494 679 2566 apostolicam
693 2494 858 2549 nullatenus
872 2493 1053 2566 appellasset,
1066 2496 1218 2550 666166161

152 2586 254 2637 161666
270 2586 298 2638 61
314 2586 458 2639 16616666
473 2583 630 2639 decretalia
645 2583 741 2638 6116661
759 2586 866 2638 6161616
883 2587 912 2638 61
931 2583 1097 2655 episcopum
1116 2584 1217 2638 incon·

152 2671 234 2726 sultis
254 2671 337 2727 nobis
357 2671 501 2744 deponere
522 2672 703 2729 nullomodo
722 2673 868 2728 debuistis.
886 2672 969 2738 Quod
987 2675 1087 2728 tamen
1107 2689 1167 2740 vos,
1187 2674 1219 2726 ut

153 2763 267 2816 servata
280 2761 426 2816 vobiscum
439 2761 608 2817 medullitus
623 2761 741 2816 caritate
755 2761 862 2829 dicam,
875 2761 1064 2833 postposuisse
1077 2761 1217 2825 dolemus,

154 2853 185 2906 et
200 2849 378 2906 diversorum
397 2851 470 2906 sedis
492 2850 655 2923 apostolicae
673 2851 829 2922 praesulum
844 2849 961 2904 decreta
975 2850 1005 2904 in
1019 2850 1073 2905 hoc
1088 2867 1137 2904 vos
1149 2867 1217 2904 666-

151 2939 304 3011 tempsisse
328 2940 457 3011 negotio,
480 2957 539 2995 666
561 2939 707 2994 1661666116
727 2937 972 3011 reprehendimus.
988 2938 1069 2993 Absit
1085 2937 1162 2992 enim
1189 2941 1218 2992 61

153 3029 358 3100 cujuscunque,
370 3045 459 3100 66666
470 3028 507 3083 ad
517 3028 651 3084 ultimum
664 3027 729 3084 vitae
742 3043 800 3083 6661
812 3026 890 3082 (11661
903 3025 994 3098 quiin
1009 3026 1067 3081 lide
1077 3025 1218 3082 catholica

154 3118 390 3190 perseveraverit,
406 3117 450 3173 vel
466 3117 622 3173 decretalia
635 3117 802 3185 constituta,
816 3117 860 3170 vel
876 3115 911 3170 de
926 3114 1117 3170 ecclesiastica
1131 3115 1215 3170 disci-

153 3205 234 3280 plina
249 3207 383 3279 quaelibet
397 3207 535 3278 exposita,
556 3206 652 3262 debito
674 3207 752 3262 cultu
775 3207 803 3261 et
824 3221 889 3260 cum
911 3220 1025 3259 summa
1044 3203 1216 3259 discretione

155 3311 213 3350 non
227 3296 435 3367 amplectamur
448 3296 594 3368 opuscula,
611 3312 674 3367 6666
688 3294 826 3349 duntaxat
838 3297 868 3349 61
882 3292 1038 3366 6611661166
1051 3295 1150 3348 666616
1163 3295 1218 3349 116-

155 3401 245 3440 mana
259 3385 384 3440 Ecclesia
395 3398 574 3452 conservans,
587 3383 670 3438 nobis
685 3399 799 3455 quoque
819 3381 1004 3437 custodienda
1017 3381 1174 3450 mandavit,
1190 3386 1218 3437 et

153 3490 243 3547 penes
255 3491 284 3529 se
300 3473 329 3529 in
343 3474 400 3529 6616
414 3474 534 3530 archivis
551 3477 580 3529 61
598 3474 716 3528 66166116
734 3473 789 3528 6116
803 3471 998 3528 monumentis
1009 3471 1159 3528 recondita
1172 3488 1217 3526 ve·

154 3565 283 3621 neratur.
294 3563 375 3618 Absit
385 3566 416 3618 ut
425 3563 531 3635 scripta
544 3580 646 3618 eorum
659 3579 775 3635 quoquo
788 3561 878 3617 modo
891 3559 1125 3633 parvipendenda
1137 3559 1214 3615 dica·

185 3718 208 3765 1.
226 3715 379 3776 Distinguere
391 3714 476 3764 saltem
490 3714 568 3780 potuit
584 3713 686 3778 scriptor
699 3713 836 3778 pontificius
850 3712 973 3777 episcopos
986 3717 1011 3760 61
1024 3710 1218 3776 metropolitanos

153 3795 261 3860 aliosque
276 3795 401 3860 primates.

184 3879 209 3926 2.
228 3877 258 3929 V.
273 3875 419 3928 sardicensis
434 3890 487 3940 syn.
500 3875 530 3924 ad
541 3874 632 3926 ‚lulium
644 3872 778 3939 epistolam,
791 3888 830 3938 66.
848 3873 973 3935 Constant,
989 3871 1109 3936 Epistola
1125 3871 1216 3922 liemo-

152 3971 246 4007 uorum
257 3957 416 4022 pontificum,
428 3970 454 4019 p.
469 3957 512 4007 395
523 3957 552 4006 Β.
735 3945 738 3954 “

186 4039 210 4086 3.
227 4039 283 4087 Hac
303 4042 339 4086 est
360 4035 487 4098 cavillatio,
507 4050 562 4086 cum
581 4049 689 4086 reveraa
706 4036 796 4098 maiore
815 4031 846 4083 ad
864 4033 982 4082 minorem
999 4046 1046 4080 non
1065 4036 1214 4097 provocetur,

151 4117 200 4167 nisi
212 4117 307 4181 quando
316 4117 454 4181 judicatus
466 4116 572 4180 61166166
583 4117 674 4179 majore
686 4113 715 4164 ad
732 4115 848 4164 minorem
860 4111 974 4177 appellat.

184 4197 208 4248 1.
228 4198 284 4261 Qui,
294 4212 333 4262 66.
344 4197 460 4247 Constant
475 4196 559 4260 (Auci.
575 4196 629 4260 jur.
643 4197 724 4260 pout,
739 4193 756 4244 1.
768 4193 813 4258 6.).

185 4280 208 4328 5.
226 4277 386 4344 Poposcerat,
399 4291 438 4344 66.
451 4278 567 4326 Constant
581 4275 672 4342 (ibid).
