3006 5050
382 504 427 554 BT
450 502 673 554 coenosum
698 503 742 554 ET
770 501 952 554 brunetti
1153 509 1199 558 lte

135 650 291 717 stolarum
314 645 562 734 apostolicarum
574 653 740 714 auctorem
762 663 847 730 esse,
864 653 902 713 ut
925 644 1078 732 diximus,
1098 643 1199 716 Gem-

135 764 261 831 mnlum
279 761 468 846 diaconum,
491 760 569 828 huie
592 779 663 850 sese
677 759 758 829 item
780 755 1035 847 commendavit,
1061 779 1199 849 remque

134 899 236 965 suam,
253 887 292 945 ut
304 896 434 944 summo
445 874 604 962 pontifici,
620 874 667 942 sic
681 872 854 943 Gemmulo
869 875 1066 963 proposuit¹.
1089 876 1200 964 Atque

134 991 304 1061 Hincmari
323 1001 355 1060 et
375 989 530 1058 Bonifatii
547 997 615 1057 tam
630 989 746 1058 similis
759 988 823 1057 fnit
842 990 878 1057 in
904 1010 940 1058 re
961 990 1061 1058 simili
1081 991 1199 1078 agendi

134 1108 223 1191 ratio,
239 1117 277 1174 ut
288 1118 426 1193 uterque
438 1102 628 1172 dictatorem
642 1103 846 1192 pontificium
868 1104 933 1173 sibi
952 1104 1048 1172 donis
1062 1126 1099 1174 ac
1114 1126 1195 1174 mu·

135 1222 267 1290 neribus
282 1217 536 1290 conciliaverit².

175 1340 208 1404 2.
236 1336 368 1405 Possim
381 1335 483 1422 igitur
497 1334 537 1403 ab
550 1334 641 1402 omni
656 1334 719 1403 alio
733 1334 952 1403 confirmandi
963 1357 1085 1422 genere
1096 1337 1200 1405 absti-

134 1473 220 1541 nere,
240 1452 300 1520 sed
320 1450 560 1538 nequidquam
585 1452 752 1538 negligere
775 1450 897 1538 videar,
922 1454 1199 1540 comparationem

133 1568 311 1655 quamdam
337 1587 426 1634 nunc
454 1565 605 1652 deinceps
632 1565 817 1652 instituam,
845 1585 882 1633 er
900 1587 966 1653 qua
989 1565 1124 1637 fortasse
1147 1588 1199 1637 res

132 1681 198 1770 jann
225 1683 306 1750 satis
334 1679 507 1748 manifesta
534 1681 632 1748 etiam
659 1680 765 1765 magis
793 1679 1022 1748 illustrabitur.
1061 1680 1109 1762 In¹
1135 1683 1199 1752 illis

136 1797 220 1863 enim
234 1795 354 1865 litteris
367 1816 448 1883 quas
461 1794 502 1863 de
515 1815 611 1864 causa
627 1793 787 1863 Photinus
801 1793 841 1862 ab
854 1794 1027 1864 Anastasio
1052 1797 1198 1866 conditas

135 1931 201 1980 esse
239 1911 313 2000 jem
353 1909 466 1996 negari
509 1910 601 1978 nullo
641 1919 735 1996 pacto
775 1918 897 1997 potest,
940 1911 969 1978 is
1010 1912 1198 1998 pontificius

136 2027 279 2114 scriptor,
311 2025 438 2113 ingenii
463 2025 515 2093 sui
540 2023 705 2112 quoddam
727 2024 905 2113 specimen,
926 2025 958 2092 id
982 2036 1043 2112 est,
1074 2035 1199 2094 certam

137 2141 274 2229 aliquam
311 2140 562 2227 argumentandi
599 2140 782 2228 agendique
817 2141 978 2208 rationem
1015 2141 1196 2229 impressit,

136 2277 244 2344 quarn,
271 2255 300 2326 si
334 2255 452 2324 deinde
479 2255 629 2324 animum
655 2255 836 2326 intenderis
859 2255 900 2323 ad
927 2265 1049 2324 ceteras
1074 2255 1197 2325 Nicolai

137 2371 267 2458 litteras,
279 2373 315 2439 in
326 2371 377 2439 his
390 2371 489 2438 etiam
503 2370 653 2439 eamdem
667 2370 775 2440 inesse
787 2371 944 2460 reperies,
955 2380 993 2440 ut
1002 2371 1073 2460 jam
1085 2372 1145 2441 tibi
1160 2393 1198 2441 en

137 2493 193 2554 bac
211 2487 381 2555 collatione
405 2484 578 2554 manifesto
604 2466 757 2573 appareat
780 2486 934 2555 omnibns
960 2487 1023 2556 illis
1051 2488 1196 2575 epistolis

138 2604 304 2670 accessisse
319 2602 466 2670 eamdem
492 2621 644 2688 manum,
669 2601 758 2670 idem
771 2601 958 2690 ingenium,
974 2603 1128 2671 eumdem
1139 2603 1198 2674 de-

139 2717 232 2804 nique
247 2717 421 2786 artificem.

177 2834 224 2900 Ac
249 2833 408 2920 primum,
427 2831 637 2921 Anastasius,
666 2831 746 2899 dum
773 2852 825 2902 res
851 2832 1048 2921 Byzantinas
1068 2843 1195 2922 tractat,

139 2957 220 3014 amat
247 2947 455 3036 gravissimas
476 2946 707 3035 refutationes3
730 2956 830 3035 amat,
860 2948 983 3040 sique
1010 2929 1088 3016 sunt
1111 2949 1197 3018 dicta

139 3065 216 3131 male
230 3073 287 3132 ant
305 3061 388 3131 facta
415 3063 456 3131 ab
476 3061 685 3151 adversariis,
703 3064 771 3130 haec
796 3063 936 3132 libenter
951 3063 1108 3152 arripere,
1128 3085 1198 3133 ver·

169 3316 189 3362 l.
205 3313 272 3372 Quod
284 3313 337 3374 ipse
346 3310 496 3373 Gemmnlus,
506 3311 537 3360 ad
546 3310 692 3361 Bonifatium
707 3309 850 3374 rescribens,
861 3312 896 3360 sic
909 3317 1012 3375 testatus
1021 3317 1059 3363 est
1073 3326 1081 3362 τ
1096 3329 1110 3361 n
1120 3314 1198 3376 Igitur

140 3392 213 3441 omnia
226 3407 278 3458 quas
292 3391 362 3441 nobis
372 3406 414 3456 per
424 3405 487 3440 nunc
495 3390 598 3440 directas
610 3390 703 3441 litteras
712 3390 868 3456 precepistis,
879 3398 905 3441 ut
915 3392 1031 3444 Dominus
1038 3394 1101 3443 vires
1110 3392 1199 3442 donare

140 3469 306 3535 dignatusest,
327 3470 518 3535 adimplevimus,
535 3470 577 3520 sad
591 3474 616 3520 et
627 3485 663 3533 ee,
679 3485 732 3534 qum
747 3469 834 3520 domno
849 3471 977 3535 apostolico
991 3472 1196 3536 suggessistis...»

140 3555 162 3598 et
171 3558 247 3601 cetera
260 3567 315 3618 qnae
328 3566 400 3616 supra
412 3550 482 3600 retuli
494 3550 531 3616 (p.
545 3552 612 3612 102).
623 3550 656 3602 V.
667 3549 788 3600 Gemmuli
804 3550 888 3614 Epist.
902 3551 939 3600 ad
946 3553 1105 3614 Bonifatium
1118 3550 1197 3618 (aaut,

141 3629 286 3682 Bibliotheca
306 3646 394 3681 rerum
413 3631 634 3693 Gernscna'cnrum,
654 3636 674 3679 t.
692 3631 735 3693 ΙΙΙ,
758 3645 781 3693 p.
802 3633 890 3687 tet-5).
914 3632 942 3680 ln
962 3631 1015 3681 aliis
1036 3633 1145 3695 ejusdem
1167 3630 1197 3680 ad

140 3711 244 3761 eumdem
255 3711 343 3762 litteris
352 3710 462 3760 videmus
475 3710 623 3761 Bonifatium
637 3724 651 3758 a
665 3709 791 3760 Gemmulo
805 3710 902 3775 petiisse
916 3715 943 3760 ut
956 3710 1068 3776 epistolas
1081 3711 1198 3778 quasdem

142 3789 165 3841 S.
181 3791 286 3853 Gregorii
304 3806 332 3840 on
347 3790 443 3839 archivo
466 3789 530 3840 sedis
550 3789 686 3854 apostolice
706 3788 842 3854 desumptas
861 3791 969 3840 mitteret
985 3789 1066 3853 (ibid,
1085 3805 1110 3856 p.
1131 3793 1197 3856 156).

140 3868 169 3918 ΙΙ.
182 3871 252 3920 etiem
266 3871 380 3922 Bonifatii
396 3870 539 3935 Epictetum
553 3870 588 3920 od
602 3869 765 3920 deminutum
777 3870 983 3921 archidiaconem
995 3870 1075 3936 (ibid,
1088 3885 1114 3935 p.
1131 3870 1198 3935 253).

167 3950 190 3998 2.
208 3967 220 3996 c
230 3950 425 4001 Benedictionem
435 3949 534 4013 etenim,
544 3963 617 4014 quam
627 3948 696 3999 nobis
706 3949 833 4014 direxistis,
846 3949 1002 4013 suscepimus,
1011 3949 1078 3999 idest
1086 3949 1199 4015 poculum

142 4035 275 4090 argenteum
289 4036 313 4080 et
326 4029 457 4096 syndonem
470 4044 553 4079 unam.
568 4031 645 4090 Quam
660 4030 684 4086 in
699 4029 790 4094 duplici
813 4029 960 4093 suscepimus
981 4028 1156 4094 benedictione,
1171 4047 1199 4082 eo

142 4108 232 4171 quoda
254 4115 320 4162 tanto
344 4116 412 4176 patre
430 4110 561 4158 meruimus
579 4109 704 4159 visitari.»
730 4108 851 4158 Gemmuli
876 4109 960 4173 Epist.
984 4107 1019 4158 cd
1040 4111 1199 4174 Bonifatium

143 4187 214 4250 (tale,
231 4189 300 4252 ibid,
318 4205 343 4255 p.
369 4191 433 4254 155).
452 4207 465 4237 a
475 4191 522 4240 Pro
536 4195 621 4240 nostroe
639 4189 777 4251 exiguitatis
796 4188 910 4237 memoria
923 4188 993 4238 mitto
1005 4191 1072 4240 robis
1088 4206 1132 4255 per
1143 4208 1198 4244 eum

145 4267 286 4335 (letardum)
299 4285 411 4320 crusnam
425 4269 454 4320 da
468 4269 571 4334 pellibus
584 4268 656 4322 variis
669 4284 725 4319 oum
738 4282 817 4333 penno
831 4267 948 4318 coloribus
964 4269 1037 4323 vario.
1048 4289 1063 4320 c
1078 4274 1199 4324 Biucmari

145 4347 218 4412 Epist.
236 4351 273 4400 nd
287 4351 452 4402 senlacium
467 4349 570 4415 (migne,
580 4355 599 4400 t.
614 4349 724 4412 CXXVI,
739 4363 764 4413 p.
775 4347 841 4411 258).
