2960 5052
267 427 298 475 30
690 421 908 473 Pbooulllult

267 569 382 636 lorum
406 564 585 635 hominum
609 564 857 651 scientissime,
874 564 1112 634 inconsultum
1134 584 1216 635 esse
1235 565 1340 635 exis-

268 675 398 760 timern.
416 690 462 758 Iis
486 689 594 777 igitur
608 709 688 778 quae
709 690 921 759 Hincmarus
940 691 983 759 de
998 691 1178 759 Anastasii
1198 691 1337 760 familia

269 814 419 899 censuit,
437 814 599 884 standum
620 833 703 883 esse
725 814 892 900 arbitror;
914 814 996 902 quin
1014 814 1119 883 etiam
1134 814 1170 882 in
1183 816 1251 883 hoc
1268 835 1336 883 ex-

268 943 382 1007 tremo
399 937 517 1008 libello
539 937 669 1026 aliquid
691 938 735 1006 de
756 937 907 1026 epistola
920 938 1101 1008 Anastasii
1114 939 1159 1007 ad
1172 939 1336 1008 Adonem

270 1061 472 1150 disputabo,
509 1081 554 1132 ex
591 1081 660 1151 quo
697 1064 853 1130 tortasse
886 1063 967 1131 haec
1001 1081 1202 1150 congruere
1233 1061 1336 1132 vide·

270 1187 434 1256 buntur¹.

313 1313 347 1380 5.
370 1314 455 1381 Sunt
476 1309 627 1398 denique
649 1311 801 1398 quinon
824 1317 1102 1380 consentaneum
1121 1311 1335 1381 arbitrentur

272 1422 435 1504 eumdem
454 1433 568 1502 virum
587 1435 631 1502 ab
649 1433 828 1503 Hadriano
842 1437 874 1502 11
887 1434 1132 1504 interdictione
1156 1436 1251 1504 sacri
1268 1435 1334 1504 mi-

271 1559 407 1629 nisterii
439 1557 598 1647 punitum
623 1557 735 1627 fnisse
762 1577 795 1627 a.
826 1561 903 1644 868,
934 1567 969 1627 et
995 1565 1078 1648 post
1102 1579 1234 1628 annum
1262 1580 1334 1630 non

273 1686 388 1754 solum
407 1682 558 1752 rediisse
578 1682 614 1750 in
636 1682 841 1769 dignitatem
862 1683 1127 1769 bibliothecarii,
1146 1684 1335 1754 sedetiam

271 1808 492 1895 legationem·
517 1809 561 1876 ab
596 1807 809 1895 imperatore
846 1808 1051 1877 Hludowico
1091 1809 1296 1897 suscepisse
1308 1808 1332 1878 ¹.

273 1933 404 2012 Quibus
419 1932 681 2000 difficultatibus
695 1933 763 2000 hoo
777 1950 903 2000 rursus
919 1951 1138 2020 opponamus
1154 1933 1335 2021 quonjam

273 2064 375 2127 antea
389 2056 518 2125 dictum
534 2064 589 2125 est
605 2055 805 2145 (dicendum
821 2062 877 2123 est
891 2055 984 2124 enim
1003 2056 1155 2146 saepius),
1172 2057 1335 2126 nimirum

273 2202 379 2270 quam
389 2182 446 2265 sit,
458 2181 494 2248 in
506 2200 546 2248 re
556 2179 738 2265 historica,
751 2179 915 2266 alienum,
929 2187 1047 2250 certos
1060 2189 1171 2252 testes
1181 2183 1334 2270 rejicere

271 2310 416 2394 propter
431 2295 603 2391 quasdam
614 2303 881 2391 repugnantiae,
898 2325 978 2393 quae
988 2307 1195 2394 plerumque
1212 2309 1256 2376 ab
1269 2306 1335 2375 im-

271 2429 431 2516 perfecta
445 2445 565 2494 rerum
578 2427 829 2516 hominumque
844 2428 1046 2516 cognitione
1062 2430 1231 2499 oriuntur.
1247 2431 1336 2511 Quid

273 2552 367 2620 enim
401 2552 519 2620 obstat
552 2551 740 2640 quominus
768 2553 995 2622 Hludowicus
1024 2552 1217 2644 imperator
1244 2559 1337 2625 Ana-

274 2676 396 2758 stasio,
415 2674 589 2745 sententia
603 2675 744 2763 quidem
764 2696 892 2746 recens
918 2679 1097 2764 mulctato,
1116 2680 1181 2748 sed
1205 2687 1279 2748 tum
1299 2678 1336 2748 in

272 2801 441 2891 pristinos
466 2802 623 2870 honores
648 2801 821 2886 restituto,
849 2801 1065 2888 legationem
1099 2803 1245 2889 dederit,
1277 2805 1337 2892 qui

274 2927 356 2996 olim
370 2929 462 2995 huno
476 2928 735 3015 presbyterum,
753 2945 774 2994 a
788 2930 906 2995 Leone
921 2930 968 2996 IV
988 2933 1043 2996 ter
1064 2928 1336 2998 condemnatum

275 3051 379 3133 atquc
394 3046 508 3114 adhuc
533 3044 748 3114 anathemati
771 3046 973 3132 obnoxium,
992 3047 1036 3116 ad
1049 3048 1176 3117 Sedem
1191 3055 1336 3137 aposto-

273 3169 376 3237 licam
390 3169 586 3256 producere
601 3166 839 3238 tentaverat³?
853 3175 922 3238 Aut
936 3171 1060 3238 scienti
1070 3171 1213 3241 cuilibet
1224 3192 1336 3260 quan-

304 3329 326 3375 1.
342 3326 372 3375 V.
391 3325 554 3389 Appendioem
564 3327 595 3376 11.
611 3326 679 3386 Quod
694 3326 712 3376 si
727 3327 765 3376 cui
776 3329 913 3392 conjecturs
925 3343 978 3378 mco
987 3343 1032 3378 non
1043 3327 1157 3394 placebit,
1173 3344 1230 3392 rogo
1244 3345 1299 3380 eum
1310 3336 1337 3380 ut

272 3405 446 3456 animadvertet
459 3421 505 3454 non
518 3406 605 3456 idcirco
619 3405 677 3456 illud
689 3406 802 3457 infirmari
815 3407 879 3472 quod
890 3407 919 3458 de
931 3422 977 3458 uno
993 3408 1125 3474 eodemque
1141 3411 1267 3461 Anastasio
1281 3425 1335 3478 pro·

273 3487 357 3536 batum
367 3489 412 3535 cst.

303 3569 328 3616 2.
346 3565 387 3618 Sic
402 3567 432 3616 D.
452 3564 548 3615 Ceillier
563 3585 570 3616 ι
584 3565 629 3616 ull
645 3565 904 3630 (transmersus
920 3566 943 3617 le
958 3567 1074 3619 huitieme
1084 3575 1110 3619 et
1123 3569 1234 3620 derniere
1245 3569 1335 3620 eonion

274 3646 315 3711 (du
325 3648 353 3696 8ο
367 3659 436 3694 conc.
455 3645 563 3708 secuml,
578 3645 619 3709 qui
631 3659 657 3694 se
668 3645 715 3695 tint
726 3645 748 3694 le
764 3647 794 3696 28
812 3644 899 3696 [durior
912 3646 957 3696 l’en
971 3649 1026 3710 8111,
1044 3663 1074 3698 en
1083 3647 1173 3713 quelitd
1189 3649 1335 3700 d'ambasu-

272 3726 331 3775 deur
346 3724 376 3776 de
395 3723 475 3786 Louie,
498 3739 626 3790 empereur
642 3722 791 3774 desltuliens
809 3732 835 3774 et
854 3726 896 3775 des
907 3727 1027 3788 [trunonis.
1045 3727 1118 3792 C'est,
1133 3743 1161 3779 ce
1174 3729 1276 3794 semble,
1291 3745 1337 3782 une

273 3806 351 3856 raison
364 3821 420 3856 sans
432 3804 539 3870 rdplique
552 3804 582 3855 de
597 3804 730 3866 distinguer
742 3813 780 3854 oet
791 3808 908 3856 dnasuse
919 3807 951 3856 du
966 3807 1045 3871 pietro
1056 3807 1088 3858 du
1102 3809 1181 3859 meme
1193 3825 1259 3871 nom,
1282 3825 1336 3860 oer-

274 3884 337 3934 dinal
351 3884 383 3936 du
402 3887 458 3937 titre
467 3885 498 3936 de
511 3883 692 3947 seint-Marcel,
703 3890 728 3934 et
743 3884 805 3934 aussi
820 3885 1008 3950 bibliothecariis,
1018 3887 1106 3952 depost
1116 3903 1158 3950 par
1174 3889 1197 3940 le
1210 3905 1271 3954 pape
1285 3891 1336 3940 lle·

274 3961 342 4012 drien
356 3965 378 4015 ll
392 3965 451 4016 dens
468 3980 500 4015 un
514 3964 603 4016 concile
613 3968 670 4013 tenu
685 3963 699 4012 d
712 3964 787 4013 Rome
801 3979 832 4013 en
851 3967 896 4015 868
900 3981 909 4029 3
925 3965 1016 4016 n'dtent
1033 3981 1076 4031 pas
1094 3968 1276 4019 rrnisemblable
1289 3985 1338 4034 que

274 4055 302 4092 oe
316 4044 397 4108 prinoe
406 4047 447 4095 edt
462 4045 536 4096 choici
550 4060 609 4111 pour
625 4059 657 4093 un
666 4043 697 4094 dc
711 4058 749 4092 scs
762 4044 942 4095 umbassudeurs
963 4062 994 4096 un
1010 4047 1092 4112 pretre
1106 4048 1193 4114 depost
1207 4057 1232 4100 et
1244 4064 1338 4100 excom·

274 4122 357 4172 munit
369 4125 474 4190 quelque
497 4132 560 4176 tems
578 4129 759 4191 appararent.»
775 4123 838 4174 Hiat.
862 4127 952 4189 gener.
977 4128 1021 4178 dee
1043 4131 1099 4178 aut.
1120 4132 1212 4192 sacres,
1234 4136 1252 4180 t.
1269 4131 1337 4194 xlx,

276 4215 301 4266 p.
314 4203 427 4254 111-115.

307 4283 329 4335 ³.
346 4283 424 4341 Quem
449 4285 602 4347 pertinaciter
624 4285 696 4348 legati
717 4283 848 4335 llludouici
870 4285 1021 4352 imperatoris
1044 4294 1124 4353 partes
1142 4289 1263 4341 Anastasii
1285 4296 1338 4342 tun
