2954 5050
265 417 311 470 att
348 418 551 471 ANASTASII
572 420 762 471 INGENIUM
783 421 831 472 EX
852 421 1052 474 EPISTOLIS
1072 423 1237 475 nicotsl
1263 425 1278 474 1

265 561 301 628 in
314 561 462 631 Romano
474 562 592 631 scrinio
606 563 687 632 illud
698 564 786 652 quod
797 584 854 652 per
867 585 944 635 eum
954 565 1030 635 misi
1041 567 1200 650 conferre,
1214 585 1365 636 verum

265 676 471 747 invenietis¹.
493 704 511 741 »

311 793 380 861 Hac
411 803 520 863 autem
540 796 750 885 responsione
774 795 870 884 sacta,
896 797 1095 868 Hincmarus
1121 803 1246 868 celero
1275 821 1361 870 suo

264 909 349 980 viros
361 909 518 999 quosdam
533 913 630 1000 elegit
641 913 800 982 studiosos
813 923 845 982 ct
856 922 998 1003 tenaces,
1013 914 1085 1003 qui,
1100 925 1230 1004 sumpta
1242 926 1359 986 veste

267 1027 514 1115 peregrinorum
531 1028 705 1118 (timebant
721 1029 810 1096 enim
827 1049 869 1098 ne
880 1029 976 1118 jussu
992 1030 1098 1099 Caroli
1120 1031 1204 1120 regis
1222 1053 1263 1100 ex
1283 1033 1357 1100 iti-

266 1163 345 1212 nere
358 1142 625 1233 retraherentur),
633 1144 786 1232 Romam,
796 1144 919 1214 litteras
931 1146 1161 1236 archiepiscopi
1174 1146 1350 1238 ierenteS,

268 1258 468 1328 advenerunt
485 1279 599 1328 mense
612 1259 763 1348 Augusto
775 1261 853 1328 anni
866 1263 928 1328 867
940 1259 965 1330 ².

310 1375 458 1456 Quorum
493 1375 678 1445 interventu
712 1377 904 1446 Anastasius
937 1379 1039 1446 sensit
1070 1398 1232 1465 magnum
1268 1380 1346 1448 sibi

265 1490 454 1578 impendere
476 1492 659 1579 periculum
686 1492 885 1560 notandam
913 1502 1106 1580 argueretur
1133 1494 1273 1563 mendax
1304 1507 1345 1565 et

266 1607 421 1698 proditor.
435 1608 550 1697 Itaque
569 1609 676 1697 initio,
696 1618 856 1697 quantum
876 1629 913 1678 ex
934 1610 1057 1698 aliquot
1077 1610 1206 1680 indiciis
1218 1611 1255 1680 id
1268 1613 1343 1680 col-

266 1725 324 1812 ligi
338 1733 454 1813 potest,
470 1735 502 1794 et
522 1724 591 1813 ipse
612 1723 728 1813 atejus
742 1734 833 1813 pater
849 1725 1009 1794 Arsenius
1025 1746 1158 1812 operam
1170 1727 1339 1796 dederunt

267 1850 305 1910 ut
321 1841 427 1909 aditus
441 1840 481 1908 ad
495 1861 665 1909 summum
677 1840 864 1928 pontificem
876 1841 989 1928 legatis
1008 1839 1179 1910 Hincmari
1193 1845 1340 1931 praeclu-

267 1957 421 2044 deretur3
437 1957 483 2025 sic
496 1955 586 2025 enim
599 1956 717 2025 melius
731 1956 925 2042 intelligitur
941 1977 1000 2024 cur
1017 1957 1041 2025 ii
1055 1957 1153 2044 legati
1173 1968 1240 2026 tres
1265 1958 1339 2028 lere

269 2093 398 2141 mensas
423 2071 536 2141 Romae
554 2074 745 2142 commorati
760 2070 859 2142 sint³.
885 2071 1025 2140 Causam
1048 2081 1170 2160 autem,
1189 2083 1227 2142 ut
1242 2074 1340 2142 vide-

269 2197 336 2278 tur,
351 2188 542 2278 prabebant
560 2188 647 2277 quod
660 2188 812 2257 Nicolaus
827 2196 859 2256 ct
870 2197 941 2256 tum
961 2189 1103 2275 graviter
1120 2198 1340 2277 aegrotarctur

270 2313 302 2372 et
313 2314 398 2373 esset
410 2304 447 2371 in
461 2324 558 2372 causa
577 2305 736 2375 Photiana
750 2304 1016 2393 occupatissimus
1024 2302 1048 2372 ⁴.

314 2418 378 2486 Sed
401 2417 534 2487 tandem
555 2421 632 2490 vicit
651 2423 834 2508 legatorum
856 2421 1022 2508 patientia.
1051 2420 1202 2490 Nicolaus
1226 2421 1337 2509 enim,

269 2555 459 2624 quanquam
477 2556 560 2624 saepe
582 2537 622 2605 iis
642 2536 831 2604 bominibus
851 2536 988 2604 indulsit
1005 2537 1062 2624 qui
1083 2557 1149 2625 prae
1166 2558 1202 2606 se
1222 2537 1340 2608 obscr-

270 2651 413 2721 santiam
436 2651 523 2720 sedis
546 2653 726 2742 apostolica
748 2652 918 2740 gerebant,
937 2672 973 2720 ac
998 2673 1125 2741 rursuS,
1147 2653 1175 2721 si
1200 2654 1271 2743 qui,
1294 2665 1341 2724 ut

270 2767 531 2856 archiepiscopus
551 2766 742 2854 Remensis,
769 2787 952 2855 repugnare
983 2766 1157 2855 aliquando
1189 2788 1226 2837 ac
1252 2767 1340 2838 libe-

271 2882 340 2952 rius
360 2884 448 2972 loqui
473 2884 673 2970 viderentur,
695 2883 767 2952 istis
789 2884 999 2952 succensebat
1020 2885 1241 2973 vehementer,
1265 2906 1338 2953 non

271 3008 381 3068 tamen
395 2999 423 3068 is
438 3009 507 3068 erat
516 3000 573 3087 qni
588 2999 693 3069 sciens
707 3020 744 3069 ac
758 2999 870 3067 videns
881 2997 1003 3087 injuste
1014 3019 1212 3087 quemquam
1226 3001 1337 3070 insec-

271 3124 408 3202 taretur,
423 3135 461 3182 eo
474 3115 579 3200 magis
593 3115 680 3202 quod
694 3114 904 3201 Hincmarus,
920 3135 986 3182 non
1002 3116 1130 3183 nescius
1146 3116 1226 3203 quid
1243 3137 1336 3204 papas

271 3231 427 3318 placeret,
456 3229 596 3299 demisse
621 3231 656 3298 in
684 3231 752 3300 sois
777 3229 892 3298 litteris
915 3249 951 3298 ac
975 3229 1164 3318 suppliciter
1185 3240 1295 3317 egerat
1305 3229 1331 3301 ⁵.

302 3421 326 3467 l.
343 3415 467 3466 Hincmari
480 3415 599 3481 Epistola
614 3416 651 3468 ud
665 3417 803 3469 Nicolaum
819 3415 920 3481 (iligna,
934 3413 1004 3479 ibit,
1020 3431 1045 3480 p.
1060 3417 1106 3474 87).

303 3496 327 3544 2.
347 3510 360 3540 o
421 3492 521 3556 epistola
533 3493 664 3557 Hincmari‚
683 3495 813 3543 Remorum
831 3492 945 3557 episcopi,
964 3507 1037 3557 qnam
1055 3506 1097 3556 per
1114 3490 1211 3541 clericos
1221 3507 1276 3542 suos
1289 3493 1335 3543 snb

273 3573 452 3639 peregrinorum
464 3572 547 3622 habitu
564 3577 660 3636 propter
672 3574 844 3622 contrariorum
864 3572 974 3622 vitandas
994 3571 1092 3620 insidias
1105 3571 1255 3637 praecedente
1271 3572 1335 3623 Julio

273 3670 355 3704 mense
373 3654 474 3704 Romam
492 3653 620 3703 miserat...
638 3653 736 3703 Praelati
756 3659 835 3702 autom
849 3652 973 3702 Hincmari
990 3651 1071 3701 clerici
1084 3651 1109 3700 in
1128 3666 1211 3701 mense
1227 3655 1335 3716 Augusto

273 3737 373 3786 Romam
389 3733 512 3784 venientes
521 3752 545 3796 n,
560 3738 607 3783 etc.
621 3731 744 3781 Hincmari
755 3731 875 3794 Annales,
890 3747 913 3782 a
927 3733 971 3782 867
984 3732 1073 3796 (Perta,
1088 3731 1146 3793 SS.‚
1162 3733 1180 3794 l,
1196 3731 1263 3795 tte).

303 3818 327 3866 3.
344 3831 358 3863 o
373 3816 454 3879 Usque
465 3813 495 3864 ad
512 3826 619 3864 mensem
631 3812 774 3862 Octobrium
787 3811 876 3862 ibidem
890 3807 945 3861 surit
957 3812 1050 3861 morati.
1064 3828 1077 3860 o
1090 3811 1215 3863 Hincmari
1223 3810 1335 3861 Annales

274 3895 364 3961 (ibid).

304 3977 329 4026 l.
347 3993 361 4022 s
374 3975 500 4026 Nicolaum
513 3974 662 4042 papamjam
673 3971 742 4022 raldo
754 3972 901 4023 infirmatum
917 3979 942 4022 st
958 3973 983 4022 in
996 3972 1146 4024 contentione
1163 3988 1237 4038 quam
1253 3977 1334 4022 contra

274 4055 409 4105 Graecorum
428 4055 584 4120 imperatores
597 4051 740 4105 Michaelem
756 4057 781 4102 ct
796 4052 924 4116 basilium,
942 4052 983 4102 sed
1001 4061 1026 4102 st
1038 4058 1120 4102 contra
1134 4053 1269 4104 Orientalss
1282 4052 1333 4117 epi-

274 4148 356 4198 scopos
383 4135 501 4200 habebat,
529 4149 675 4200 magnopere
697 4133 843 4183 laborantem
870 4133 1049 4183 intonarunt.»
1072 4133 1198 4184 Hincmari
1220 4131 1333 4183 Annales

276 4213 368 4279 (ibid).

306 4295 330 4344 t.
347 4294 418 4356 Nam,
437 4298 465 4344 ut
481 4295 601 4359 specimen
614 4294 775 4358 ostendamus,
790 4293 824 4344 sic
834 4293 961 4345 Ramcnsis
974 4293 1166 4360 archiepiscopus
1188 4294 1332 4360 scripserat:
