2960 5052
269 451 298 499 58
413 448 670 500 nunsunsmuu
690 447 836 498 lNGllNll
860 447 977 498 Putate
998 447 1188 500 FdClNORA

269 590 408 659 dubium
423 598 470 658 est
482 587 560 678 quin
575 588 766 657 Anastasius
780 588 850 677 ejus
865 589 1065 674 ambitionis,
1078 609 1142 677 qna
1155 588 1274 658 deiude
1287 589 1333 656 'ad

270 726 438 774 summum
457 705 679 792 pontificatum
693 705 784 772 uisus
799 713 859 791 est,
873 704 967 791 sigua
985 703 1055 791 jam
1071 713 1142 772 tum
1157 702 1335 772 manifesta

269 820 394 889 dederit
414 819 597 906 multosque
616 817 767 886 habuerit
789 819 840 886 sni
857 818 1206 906 consilii·partioipes¹.
1224 818 1334 886 lmrno

270 934 456 1002 verisimile
478 942 526 1002 est
544 933 755 1002 Anastasium
777 933 882 1002 Roma
900 942 967 1000 tem
987 934 1184 1023 praecipitem
1208 932 1335 1021 fugisse

269 1050 335 1118 sive
360 1049 449 1136 quia,
479 1049 645 1137 patefactis
671 1049 712 1118 iis
734 1049 890 1136 artificiis,
915 1051 1034 1137 quibus
1056 1049 1096 1116 ad
1121 1050 1333 1137 apostolicam

270 1164 380 1235 sedem
405 1164 634 1252 occupandam
664 1165 713 1233 uti
741 1165 814 1252 jam
848 1174 1004 1252 eruperat,
1036 1175 1107 1232 tnru
1136 1165 1334 1234 intellexerit

269 1300 398 1367 poenam
418 1279 479 1347 sibi
496 1301 514 1347 a
529 1277 637 1349 Leone
652 1279 701 1348 IV
717 1280 837 1368 parari,
860 1281 927 1348 sive
945 1281 1021 1368 quia
1037 1291 1180 1367 speraret
1198 1279 1267 1348 fore
1280 1290 1331 1367 ut,

268 1404 357 1463 extra
373 1394 524 1483 Romam,
543 1395 642 1482 patris
660 1395 710 1462 sui
726 1393 856 1463 Arsenii
876 1403 908 1462 et
928 1395 1131 1482 imperatoris
1147 1395 1332 1464 Hlndowiei

269 1510 387 1579 auxilio
398 1509 542 1600 adjutae,
553 1531 611 1579 sua
622 1510 757 1580 consilia
770 1510 810 1578 ed
824 1521 978 1578 eventum
990 1509 1113 1579 facilius
1123 1511 1330 1599 produceret.

313 1625 351 1693 ld
374 1626 482 1713 enirn,
509 1636 545 1693 ut
567 1625 746 1694 obscuritas
767 1625 867 1712 hujus
889 1625 963 1693 facti
986 1625 1116 1713 longius
1136 1626 1331 1714 depellatur,

270 1763 335 1809 non
361 1741 478 1810 inutile
506 1741 567 1810 erit
593 1741 865 1826 animadvertere,
894 1740 1140 1828 Hludnwieum,
1169 1741 1333 1810 Hlotharii

269 1857 409 1945 filiuurl,
431 1876 542 1945 quem,
563 1866 600 1924 ut
614 1876 650 1925 er
665 1855 776 1924 multis
797 1855 948 1944 deinceps
968 1857 1170 1943 argumentis
1193 1857 1332 1944 patebit,

269 1983 301 2041 et
326 1973 505 2062 Arsenius,
539 1971 709 2041 Hortensis
742 1970 928 2060 episeopus,
960 1972 1089 2059 etipse
1118 1974 1333 2062 Anastasius,

269 2088 462 2159 obstrictum
475 2089 616 2159 maxime
631 2089 828 2175 habueruut,
845 2089 880 2154 in
900 2090 960 2155 hac
979 2088 1077 2156 etiam
1096 2087 1201 2174 prima
1221 2109 1332 2175 causa,

269 2215 376 2293 partes
392 2205 572 2293 presbyteri
587 2204 759 2274 desertoris
783 2202 935 2271 adversus
957 2223 1124 2270 summum
1143 2203 1333 2290 pontificem

268 2320 429 2405 tenuisse,
457 2339 523 2385 uon
553 2319 684 2405 quidem
713 2328 822 2405 aperte
849 2317 1016 2408 (noudum
1047 2316 1138 2385 euim
1165 2317 1237 2406 ille,
1261 2317 1333 2386 vivo

269 2442 415 2521 parente,
441 2452 606 2501 summam
620 2454 744 2520 rerum,
760 2455 819 2520 pro
831 2433 940 2520 libitu,
956 2431 1207 2500 administrabat
1214 2431 1254 2521 ³),
1275 2433 1333 2501 sed

269 2547 393 2615 occulto
413 2546 623 2636 adminicula,
639 2559 688 2634 ut,
713 2549 860 2636 quamvis
884 2548 1094 2615 Anastasium
1118 2551 1334 2634 comprehen-

269 2664 345 2733 dere
365 2663 513 2732 facillime
533 2675 649 2752 posset,
671 2685 842 2752 nunquam
867 2675 977 2731 tamen
1003 2684 1080 2731 enm
1104 2663 1144 2731 ad
1165 2663 1332 2751 judicium

269 2781 385 2850 adduci
402 2778 485 2849 serio
496 2779 665 2867 jusserit⁴.
683 2779 768 2848 lliuu
783 2779 901 2847 Leonis
912 2779 959 2847 lV
974 2788 1005 2846 et
1015 2778 1181 2847 Anastasii
1198 2779 1333 2867 presby·

269 3020 334 3069 renis
347 3025 428 3068 mente
444 3019 537 3068 actibus
550 3019 654 3082 erigens,
669 3034 696 3068 ea
710 3032 764 3082 quae
780 3031 883 3081 superus
906 3016 1046 3096 infinitaque
1059 3023 1210 3081 permanent,
1226 3017 1332 3083 inquies·

268 3098 334 3148 cibili
356 3099 442 3148 iutuitu
456 3099 568 3150 anhelare
581 3106 710 3150 memento.
724 3115 737 3147 a
756 3098 843 3149 Leonis
857 3099 891 3148 1v
911 3097 992 3162 Epist.
1006 3096 1041 3148 ud
1054 3098 1220 3148 Acestensium
1233 3097 1330 3164 (Coleti,

280 3215 287 3228 .
376 3180 422 3227 .ll
443 3181 477 3229 6.

268 3185 278 3228 t
300 3180 441 3308 Elpeum?
458 3178 511 3308 Leo
529 3259 563 3308 tv
580 3258 741 3322 Ausetanum,
765 3258 828 3308 iuter
845 3257 904 3320 alia,
928 3260 1026 3307 ecdrsat
1042 3256 1106 3322 quod
1127 3273 1142 3304 <r
1155 3255 1271 3320 plurimos
1289 3271 1332 3306 sna

268 3336 364 3387 lesione
382 3337 495 3403 pestifera
507 3337 678 3389 maculasset».
695 3337 781 3390 Leonis
796 3339 829 3388 IV
844 3338 927 3403 Epist.
943 3336 1083 3388 admissos
1100 3337 1217 3402 imperat.
1235 3337 1330 3402 (coleti,

270 3417 326 3467 bid.
372 3453 378 3468 .
410 3419 421 3467 Ι
467 3452 474 3468 .

268 3434 275 3468 ¹
298 3419 487 3560 2.,Ιῖἰοὲαι31ῗζ.
503 3500 547 3549 etl
562 3513 616 3548 cum
631 3515 668 3548 res
682 3499 785 3562 ltaliees,
802 3505 854 3549 tum
865 3499 993 3563 Romanas,
1011 3497 1116 3564 parentis
1129 3497 1237 3562 arbitrio,
1253 3496 1330 3547 admi·

267 3579 392 3628 nistrabat.
402 3578 435 3630 V.
449 3578 531 3629 Vitam
543 3577 629 3643 Serpit
640 3579 667 3628 ΙΙ
679 3578 796 3644 (Viguoli,
805 3586 824 3630 t.
837 3581 880 3641 ΙΙΙ,
892 3594 915 3644 ρ.
928 3581 1023 3642 ΙΙ-Ι3),
1036 3584 1061 3628 et
1073 3577 1197 3629 Prudentii
1207 3577 1327 3639 Annales,

267 3673 290 3709 e.
304 3661 349 3710 dil
363 3660 452 3722 (Pertz,
477 3664 495 3708 t.
511 3658 531 3721 l,
547 3672 570 3722 p.
586 3659 651 3722 tlt).

299 3740 322 3790 3.
341 3738 479 3790 lllotherius
492 3737 542 3787 rite
555 3739 657 3787 excessit
671 3753 693 3788 a.
706 3740 759 3789 855.
772 3741 803 3790 V.
815 3738 938 3790 Prudentii
948 3737 1068 3800 Annales,
1080 3752 1102 3786 a.
1115 3738 1159 3787 855
1171 3737 1263 3800 (Perta,
1273 3736 1329 3799 SS.,

266 3824 286 3869 t.
296 3821 483 3967 ΙΙῖρίιὶιξέιῗὲυαΙη
494 3898 645 3951 Hlndowicns
656 3914 670 3946 n
680 3905 761 3948 ments
772 3899 843 3949 alacri
853 3917 877 3964 o,
893 3906 919 3949 ut
933 3900 968 3950 ait
977 3901 1026 3950 Len
1035 3898 1078 3959 lv,
1090 3897 1231 3962 promiserat
1244 3911 1269 3947 se
1280 3897 1331 3961 jus-

268 3995 350 4030 surum
380 3981 525 4032 desertorem
553 3980 619 4031 illum
650 3979 797 4028 sacerdotem
821 3979 1000 4044 comprehendi,
1028 3985 1110 4028 temeu
1133 3977 1330 4042 quotiescumque

269 4059 418 4124 imperaturis
439 4062 511 4124 legati
537 4076 552 4112 e
578 4074 671 4110 summo
692 4058 804 4124 pontifice
829 4060 969 4122 interrogati
992 4064 1048 4108 suut
1061 4072 1104 4106 cnr
1126 4057 1279 4107 Anastasium
1300 4053 1329 4104 ed

268 4138 394 4189 concilium
408 4155 454 4190 nou
467 4142 628 4203 adduxissent,
642 4139 816 4205 responderunt
828 4153 853 4188 se
869 4154 925 4189 eum
946 4138 1051 4189 iuvenire
1069 4152 1117 4186 uon
1135 4136 1252 4201 potuisset
1268 4132 1328 4200 quod

268 4228 333 4270 certa
346 4220 384 4268 vix
400 4221 512 4272 credibile
530 4229 575 4274 est
590 4223 622 4272 V.
641 4221 705 4272 dcto
722 4235 789 4272 corae.
805 4219 875 4270 dona.
890 4235 912 4272 a.
932 4221 976 4270 853
990 4217 1086 4283 (coleti,
1098 4223 1116 4266 t.
1130 4218 1175 4280 lX,
1187 4231 1212 4282 p.
1223 4217 1285 4267 tlte
1298 4215 1328 4275 ll.

270 4301 330 4352 ΙΙΙΙ
345 4298 385 4362 Α).
