<?xml version="1.0" encoding="UTF-8"?>
<!DOCTYPE html PUBLIC "-//W3C//DTD XHTML 1.0 Transitional//EN"
    "http://www.w3.org/TR/xhtml1/DTD/xhtml1-transitional.dtd">
<html xmlns="http://www.w3.org/1999/xhtml" xml:lang="en" lang="en">
 <head>
  <title>
</title>
<meta http-equiv="Content-Type" content="text/html;charset=utf-8" />
  <meta name='ocr-system' content='tesseract 3.04.00' />
  <meta name='ocr-capabilities' content='ocr_page ocr_carea ocr_par ocr_line ocrx_word'/>
</head>
<body>
  <div class='ocr_page' id='page_1' title='image "./deanastasiobibl00lapgoog_0201.png"; bbox 0 0 2954 5050; ppageno 0'>
   <div class='ocr_carea' id='block_1_1' title="bbox 249 430 1254 487">
    <p class='ocr_par' dir='ltr' id='par_1_1' title="bbox 249 430 1254 487">
     <span class='ocr_line' id='line_1_1' title="bbox 249 430 1254 487; baseline -0.002 -3"><span class='ocrx_word' id='word_1_1' title='bbox 249 435 293 485; x_wconf 82' lang='lat' dir='ltr'><strong>l88</strong></span> <span class='ocrx_word' id='word_1_2' title='bbox 335 436 537 487; x_wconf 77' lang='lat' dir='ltr'><strong>tuasrnsll</strong></span> <span class='ocrx_word' id='word_1_3' title='bbox 559 430 747 484; x_wconf 76' lang='lat' dir='ltr'><strong>iuuentuti</strong></span> <span class='ocrx_word' id='word_1_4' title='bbox 770 433 816 482; x_wconf 75' lang='lat' dir='ltr'><strong>EX</strong></span> <span class='ocrx_word' id='word_1_5' title='bbox 837 433 1038 484; x_wconf 75' lang='lat' dir='ltr'><strong>nerstoets</strong></span> <span class='ocrx_word' id='word_1_6' title='bbox 1058 433 1219 482; x_wconf 73' lang='lat' dir='ltr'><strong>nicona!</strong></span> <span class='ocrx_word' id='word_1_7' title='bbox 1244 433 1254 482; x_wconf 89' lang='lat' dir='ltr'><strong>l</strong></span> 
     </span>
    </p>
   </div>
   <div class='ocr_carea' id='block_1_2' title="bbox 247 571 1340 3432">
    <p class='ocr_par' dir='ltr' id='par_1_2' title="bbox 247 571 1340 1470">
     <span class='ocr_line' id='line_1_2' title="bbox 247 571 1337 663; baseline -0.006 -17"><span class='ocrx_word' id='word_1_8' title='bbox 247 587 295 658; x_wconf 89' lang='lat' dir='ltr'><strong>nt,</strong></span> <span class='ocrx_word' id='word_1_9' title='bbox 312 578 362 646; x_wconf 91' lang='lat' dir='ltr'><strong>his</strong></span> <span class='ocrx_word' id='word_1_10' title='bbox 376 577 480 645; x_wconf 80' lang='lat' dir='ltr'><strong>ductae</strong></span> <span class='ocrx_word' id='word_1_11' title='bbox 494 576 609 644; x_wconf 89' lang='lat' dir='ltr'><strong>litteris</strong></span> <span class='ocrx_word' id='word_1_12' title='bbox 623 575 822 663; x_wconf 90' lang='lat' dir='ltr'><strong>apostolicis,</strong></span> <span class='ocrx_word' id='word_1_13' title='bbox 837 574 980 643; x_wconf 79' lang='lat' dir='ltr'><strong>ecelesiae</strong></span> <span class='ocrx_word' id='word_1_14' title='bbox 994 575 1172 662; x_wconf 79' lang='lat' dir='ltr'><strong>praesertim</strong></span> <span class='ocrx_word' id='word_1_15' title='bbox 1188 571 1337 641; x_wconf 87' lang='lat' dir='ltr'><strong>Gallia-</strong></span> 
     </span>
     <span class='ocr_line' id='line_1_3' title="bbox 248 688 1340 778; baseline -0.005 -18"><span class='ocrx_word' id='word_1_16' title='bbox 248 715 323 760; x_wconf 88' lang='lat' dir='ltr'><strong>rum</strong></span> <span class='ocrx_word' id='word_1_17' title='bbox 338 693 372 758; x_wconf 93' lang='lat' dir='ltr'><strong>in</strong></span> <span class='ocrx_word' id='word_1_18' title='bbox 389 695 496 759; x_wconf 84' lang='lat' dir='ltr'><strong>fictam</strong></span> <span class='ocrx_word' id='word_1_19' title='bbox 513 692 603 759; x_wconf 89' lang='lat' dir='ltr'><strong>illam</strong></span> <span class='ocrx_word' id='word_1_20' title='bbox 619 691 806 759; x_wconf 86' lang='lat' dir='ltr'><strong>Graecorum</strong></span> <span class='ocrx_word' id='word_1_21' title='bbox 821 689 1009 778; x_wconf 85' lang='lat' dir='ltr'>opinionem</span> <span class='ocrx_word' id='word_1_22' title='bbox 1031 699 1063 757; x_wconf 90' lang='lat' dir='ltr'><strong>et</strong></span> <span class='ocrx_word' id='word_1_23' title='bbox 1082 688 1263 757; x_wconf 78' lang='lat' dir='ltr'><strong>exarserint</strong></span> <span class='ocrx_word' id='word_1_24' title='bbox 1295 701 1340 758; x_wconf 82' lang='lat' dir='ltr'><strong>et</strong></span> 
     </span>
     <span class='ocr_line' id='line_1_4' title="bbox 248 804 1336 895; baseline -0.006 -19"><span class='ocrx_word' id='word_1_25' title='bbox 248 805 471 895; x_wconf 88' lang='lat' dir='ltr'><strong>scripseriut¹,</strong></span> <span class='ocrx_word' id='word_1_26' title='bbox 496 805 630 874; x_wconf 89' lang='lat' dir='ltr'><strong>fortasse</strong></span> <span class='ocrx_word' id='word_1_27' title='bbox 648 805 871 895; x_wconf 82' lang='lat' dir='ltr'><strong>judicabImus</strong></span> <span class='ocrx_word' id='word_1_28' title='bbox 892 815 959 872; x_wconf 90' lang='lat' dir='ltr'><strong>tam</strong></span> <span class='ocrx_word' id='word_1_29' title='bbox 981 805 1079 872; x_wconf 87' lang='lat' dir='ltr'><strong>astuti</strong></span> <span class='ocrx_word' id='word_1_30' title='bbox 1098 804 1158 871; x_wconf 92' lang='lat' dir='ltr'><strong>viri</strong></span> <span class='ocrx_word' id='word_1_31' title='bbox 1181 824 1336 890; x_wconf 88' lang='lat' dir='ltr'><strong>operam</strong></span> 
     </span>
     <span class='ocr_line' id='line_1_5' title="bbox 249 918 1334 1010; baseline -0.004 -21"><span class='ocrx_word' id='word_1_32' title='bbox 249 944 313 989; x_wconf 91' lang='lat' dir='ltr'><strong>non</strong></span> <span class='ocrx_word' id='word_1_33' title='bbox 330 922 409 990; x_wconf 88' lang='lat' dir='ltr'><strong>adeo</strong></span> <span class='ocrx_word' id='word_1_34' title='bbox 422 923 469 989; x_wconf 90' lang='lat' dir='ltr'><strong>rei</strong></span> <span class='ocrx_word' id='word_1_35' title='bbox 481 921 619 1010; x_wconf 78' lang='lat' dir='ltr'><strong>publice</strong></span> <span class='ocrx_word' id='word_1_36' title='bbox 633 921 819 988; x_wconf 86' lang='lat' dir='ltr'><strong>christianae</strong></span> <span class='ocrx_word' id='word_1_37' title='bbox 828 920 999 1010; x_wconf 82' lang='lat' dir='ltr'><strong>profuisse.</strong></span> <span class='ocrx_word' id='word_1_38' title='bbox 1012 918 1210 1003; x_wconf 82' lang='lat' dir='ltr'><strong>Quanquam</strong></span> <span class='ocrx_word' id='word_1_39' title='bbox 1225 919 1334 986; x_wconf 91' lang='lat' dir='ltr'><strong>enim</strong></span> 
     </span>
     <span class='ocr_line' id='line_1_6' title="bbox 248 1031 1332 1124; baseline -0.006 -18"><span class='ocrx_word' id='word_1_40' title='bbox 248 1037 327 1106; x_wconf 90' lang='lat' dir='ltr'><strong>utile</strong></span> <span class='ocrx_word' id='word_1_41' title='bbox 358 1047 427 1105; x_wconf 89' lang='lat' dir='ltr'><strong>erat</strong></span> <span class='ocrx_word' id='word_1_42' title='bbox 454 1037 668 1104; x_wconf 81' lang='lat' dir='ltr'><strong>ambitionem</strong></span> <span class='ocrx_word' id='word_1_43' title='bbox 696 1035 912 1124; x_wconf 77' lang='lat' dir='ltr'><strong>Byzantiuam</strong></span> <span class='ocrx_word' id='word_1_44' title='bbox 938 1035 1097 1121; x_wconf 82' lang='lat' dir='ltr'><strong>coerceri,</strong></span> <span class='ocrx_word' id='word_1_45' title='bbox 1126 1031 1332 1102; x_wconf 86' lang='lat' dir='ltr'><strong>Graecorum</strong></span> 
     </span>
     <span class='ocr_line' id='line_1_7' title="bbox 248 1149 1332 1238; baseline -0.003 -20"><span class='ocrx_word' id='word_1_46' title='bbox 248 1162 359 1220; x_wconf 89' lang='lat' dir='ltr'><strong>tamen</strong></span> <span class='ocrx_word' id='word_1_47' title='bbox 373 1172 498 1220; x_wconf 86' lang='lat' dir='ltr'><strong>errores</strong></span> <span class='ocrx_word' id='word_1_48' title='bbox 514 1171 633 1238; x_wconf 85' lang='lat' dir='ltr'><strong>augere</strong></span> <span class='ocrx_word' id='word_1_49' title='bbox 648 1151 942 1237; x_wconf 90' lang='lat' dir='ltr'><strong>mentiendo,hanc</strong></span> <span class='ocrx_word' id='word_1_50' title='bbox 957 1151 1020 1218; x_wconf 90' lang='lat' dir='ltr'><strong>vim</strong></span> <span class='ocrx_word' id='word_1_51' title='bbox 1033 1159 1163 1216; x_wconf 88' lang='lat' dir='ltr'><strong>tantum</strong></span> <span class='ocrx_word' id='word_1_52' title='bbox 1174 1149 1332 1216; x_wconf 85' lang='lat' dir='ltr'><strong>babebat</strong></span> 
     </span>
     <span class='ocr_line' id='line_1_8' title="bbox 249 1263 1325 1352; baseline -0.005 -18"><span class='ocrx_word' id='word_1_53' title='bbox 249 1277 286 1334; x_wconf 90' lang='lat' dir='ltr'><strong>ut</strong></span> <span class='ocrx_word' id='word_1_54' title='bbox 317 1269 403 1334; x_wconf 90' lang='lat' dir='ltr'><strong>inter</strong></span> <span class='ocrx_word' id='word_1_55' title='bbox 433 1275 607 1352; x_wconf 91' lang='lat' dir='ltr'><strong>utramque</strong></span> <span class='ocrx_word' id='word_1_56' title='bbox 644 1263 813 1334; x_wconf 89' lang='lat' dir='ltr'><strong>ecclesia&#39;m</strong></span> <span class='ocrx_word' id='word_1_57' title='bbox 846 1265 951 1352; x_wconf 85' lang='lat' dir='ltr'><strong>majus</strong></span> <span class='ocrx_word' id='word_1_58' title='bbox 979 1264 1162 1333; x_wconf 87' lang='lat' dir='ltr'><strong>efficeretur</strong></span> <span class='ocrx_word' id='word_1_59' title='bbox 1188 1264 1325 1349; x_wconf 90' lang='lat' dir='ltr'><strong>odium,</strong></span> 
     </span>
     <span class='ocr_line' id='line_1_9' title="bbox 250 1380 980 1470; baseline -0.001 -20"><span class='ocrx_word' id='word_1_60' title='bbox 250 1403 386 1470; x_wconf 83' lang='lat' dir='ltr'><strong>spesque</strong></span> <span class='ocrx_word' id='word_1_61' title='bbox 401 1381 632 1468; x_wconf 82' lang='lat' dir='ltr'><strong>componendae</strong></span> <span class='ocrx_word' id='word_1_62' title='bbox 645 1380 731 1468; x_wconf 81' lang='lat' dir='ltr'><strong>pacis</strong></span> <span class='ocrx_word' id='word_1_63' title='bbox 745 1380 980 1449; x_wconf 80' lang='lat' dir='ltr'><strong>debilitaretur.</strong></span> 
     </span>
    </p>

    <p class='ocr_par' dir='ltr' id='par_1_3' title="bbox 248 1492 1324 3432">
     <span class='ocr_line' id='line_1_10' title="bbox 293 1492 1320 1584; baseline -0.003 -20"><span class='ocrx_word' id='word_1_64' title='bbox 293 1497 386 1566; x_wconf 84' lang='lat' dir='ltr'><strong>XIII.</strong></span> <span class='ocrx_word' id='word_1_65' title='bbox 412 1495 475 1564; x_wconf 87' lang='lat' dir='ltr'><strong>Sed</strong></span> <span class='ocrx_word' id='word_1_66' title='bbox 496 1497 535 1564; x_wconf 89' lang='lat' dir='ltr'><strong>ad</strong></span> <span class='ocrx_word' id='word_1_67' title='bbox 553 1517 604 1564; x_wconf 89' lang='lat' dir='ltr'><strong>res</strong></span> <span class='ocrx_word' id='word_1_68' title='bbox 621 1497 769 1584; x_wconf 91' lang='lat' dir='ltr'><strong>virosque</strong></span> <span class='ocrx_word' id='word_1_69' title='bbox 784 1495 969 1564; x_wconf 86' lang='lat' dir='ltr'><strong>Occidentis</strong></span> <span class='ocrx_word' id='word_1_70' title='bbox 987 1492 1171 1578; x_wconf 82' lang='lat' dir='ltr'><strong>redeamus.</strong></span> <span class='ocrx_word' id='word_1_71' title='bbox 1189 1493 1320 1574; x_wconf 87' lang='lat' dir='ltr'><strong>Quem·</strong></span> 
     </span>
     <span class='ocr_line' id='line_1_11' title="bbox 248 1608 1316 1700; baseline -0.003 -20"><span class='ocrx_word' id='word_1_72' title='bbox 248 1611 425 1680; x_wconf 89' lang='lat' dir='ltr'><strong>admodum</strong></span> <span class='ocrx_word' id='word_1_73' title='bbox 448 1612 596 1696; x_wconf 81' lang='lat' dir='ltr'><strong>Pactius,</strong></span> <span class='ocrx_word' id='word_1_74' title='bbox 620 1613 823 1700; x_wconf 82' lang='lat' dir='ltr'><strong>temporibus</strong></span> <span class='ocrx_word' id='word_1_75' title='bbox 843 1613 920 1698; x_wconf 90' lang='lat' dir='ltr'><strong>illis,</strong></span> <span class='ocrx_word' id='word_1_76' title='bbox 936 1611 1058 1699; x_wconf 88' lang='lat' dir='ltr'><strong>primas</strong></span> <span class='ocrx_word' id='word_1_77' title='bbox 1079 1612 1166 1679; x_wconf 89' lang='lat' dir='ltr'><strong>inter</strong></span> <span class='ocrx_word' id='word_1_78' title='bbox 1187 1608 1316 1678; x_wconf 78' lang='lat' dir='ltr'><strong>Graecos</strong></span> 
     </span>
     <span class='ocr_line' id='line_1_12' title="bbox 249 1725 1319 1814; baseline -0.004 -20"><span class='ocrx_word' id='word_1_79' title='bbox 249 1727 356 1795; x_wconf 90' lang='lat' dir='ltr'><strong>tenuit</strong></span> <span class='ocrx_word' id='word_1_80' title='bbox 385 1748 514 1794; x_wconf 91' lang='lat' dir='ltr'><strong>summo</strong></span> <span class='ocrx_word' id='word_1_81' title='bbox 541 1727 674 1814; x_wconf 85' lang='lat' dir='ltr'><strong>ingenio</strong></span> <span class='ocrx_word' id='word_1_82' title='bbox 703 1729 919 1814; x_wconf 88' lang='lat' dir='ltr'><strong>praeclaraque</strong></span> <span class='ocrx_word' id='word_1_83' title='bbox 950 1726 1150 1813; x_wconf 91' lang='lat' dir='ltr'><strong>eruditione,</strong></span> <span class='ocrx_word' id='word_1_84' title='bbox 1183 1726 1247 1806; x_wconf 90' lang='lat' dir='ltr'><strong>sic,</strong></span> <span class='ocrx_word' id='word_1_85' title='bbox 1283 1725 1319 1790; x_wconf 92' lang='lat' dir='ltr'><strong>in</strong></span> 
     </span>
     <span class='ocr_line' id='line_1_13' title="bbox 249 1839 1320 1929; baseline -0.005 -19"><span class='ocrx_word' id='word_1_86' title='bbox 249 1843 381 1911; x_wconf 86' lang='lat' dir='ltr'><strong>ecclesia</strong></span> <span class='ocrx_word' id='word_1_87' title='bbox 405 1841 621 1928; x_wconf 88' lang='lat' dir='ltr'><strong>Occidentali,</strong></span> <span class='ocrx_word' id='word_1_88' title='bbox 644 1842 797 1910; x_wconf 88' lang='lat' dir='ltr'><strong>laudibus</strong></span> <span class='ocrx_word' id='word_1_89' title='bbox 822 1842 950 1929; x_wconf 84' lang='lat' dir='ltr'><strong>ingenii</strong></span> <span class='ocrx_word' id='word_1_90' title='bbox 975 1853 1007 1910; x_wconf 91' lang='lat' dir='ltr'><strong>et</strong></span> <span class='ocrx_word' id='word_1_91' title='bbox 1027 1841 1184 1909; x_wconf 74' lang='lat' dir='ltr'><strong>doctrinae</strong></span> <span class='ocrx_word' id='word_1_92' title='bbox 1207 1839 1320 1907; x_wconf 85' lang='lat' dir='ltr'><strong>floruit</strong></span> 
     </span>
     <span class='ocr_line' id='line_1_14' title="bbox 250 1955 1320 2047; baseline -0.003 -23"><span class='ocrx_word' id='word_1_93' title='bbox 250 1957 463 2045; x_wconf 76' lang='lat' dir='ltr'><strong>HincmaruS,</strong></span> <span class='ocrx_word' id='word_1_94' title='bbox 486 1978 545 2026; x_wconf 91' lang='lat' dir='ltr'><strong>nec</strong></span> <span class='ocrx_word' id='word_1_95' title='bbox 565 1959 740 2047; x_wconf 91' lang='lat' dir='ltr'><strong>quisquam</strong></span> <span class='ocrx_word' id='word_1_96' title='bbox 761 1979 800 2026; x_wconf 84' lang='lat' dir='ltr'><strong>ex</strong></span> <span class='ocrx_word' id='word_1_97' title='bbox 819 1955 1000 2026; x_wconf 89' lang='lat' dir='ltr'><strong>Galliarum</strong></span> <span class='ocrx_word' id='word_1_98' title='bbox 1018 1958 1176 2046; x_wconf 89' lang='lat' dir='ltr'><strong>episcopis</strong></span> <span class='ocrx_word' id='word_1_99' title='bbox 1191 1965 1320 2024; x_wconf 86' lang='lat' dir='ltr'><strong>tantam</strong></span> 
     </span>
     <span class='ocr_line' id='line_1_15' title="bbox 250 2071 1321 2161; baseline -0.005 -19"><span class='ocrx_word' id='word_1_100' title='bbox 250 2075 475 2142; x_wconf 86' lang='lat' dir='ltr'><strong>auctoritatem</strong></span> <span class='ocrx_word' id='word_1_101' title='bbox 496 2072 622 2142; x_wconf 86' lang='lat' dir='ltr'><strong>habuit.</strong></span> <span class='ocrx_word' id='word_1_102' title='bbox 647 2072 691 2143; x_wconf 89' lang='lat' dir='ltr'><strong>Ut</strong></span> <span class='ocrx_word' id='word_1_103' title='bbox 710 2073 901 2160; x_wconf 83' lang='lat' dir='ltr'><strong>patriarchae</strong></span> <span class='ocrx_word' id='word_1_104' title='bbox 922 2071 1116 2161; x_wconf 78' lang='lat' dir='ltr'><strong>Byzantina,</strong></span> <span class='ocrx_word' id='word_1_105' title='bbox 1139 2072 1186 2140; x_wconf 85' lang='lat' dir='ltr'><strong>sic</strong></span> <span class='ocrx_word' id='word_1_106' title='bbox 1209 2071 1321 2140; x_wconf 89' lang='lat' dir='ltr'><strong>archi·</strong></span> 
     </span>
     <span class='ocr_line' id='line_1_16' title="bbox 250 2187 1321 2279; baseline -0.002 -22"><span class='ocrx_word' id='word_1_107' title='bbox 250 2191 399 2279; x_wconf 89' lang='lat' dir='ltr'><strong>episeopo</strong></span> <span class='ocrx_word' id='word_1_108' title='bbox 415 2188 570 2256; x_wconf 89' lang='lat' dir='ltr'><strong>Remcnsi</strong></span> <span class='ocrx_word' id='word_1_109' title='bbox 589 2208 640 2256; x_wconf 92' lang='lat' dir='ltr'><strong>res</strong></span> <span class='ocrx_word' id='word_1_110' title='bbox 658 2209 742 2276; x_wconf 91' lang='lat' dir='ltr'><strong>saepe</strong></span> <span class='ocrx_word' id='word_1_111' title='bbox 760 2188 822 2256; x_wconf 91' lang='lat' dir='ltr'><strong>fuit</strong></span> <span class='ocrx_word' id='word_1_112' title='bbox 843 2210 918 2257; x_wconf 92' lang='lat' dir='ltr'><strong>cum</strong></span> <span class='ocrx_word' id='word_1_113' title='bbox 940 2189 1078 2257; x_wconf 88' lang='lat' dir='ltr'><strong>summis</strong></span> <span class='ocrx_word' id='word_1_114' title='bbox 1094 2187 1321 2276; x_wconf 86' lang='lat' dir='ltr'><strong>pontificibus,</strong></span> 
     </span>
     <span class='ocr_line' id='line_1_17' title="bbox 250 2302 1324 2393; baseline 0.002 -23"><span class='ocrx_word' id='word_1_115' title='bbox 250 2323 286 2372; x_wconf 89' lang='lat' dir='ltr'><strong>ac</strong></span> <span class='ocrx_word' id='word_1_116' title='bbox 300 2304 461 2390; x_wconf 86' lang='lat' dir='ltr'><strong>praecipue</strong></span> <span class='ocrx_word' id='word_1_117' title='bbox 473 2323 550 2369; x_wconf 91' lang='lat' dir='ltr'><strong>cum</strong></span> <span class='ocrx_word' id='word_1_118' title='bbox 563 2302 694 2371; x_wconf 90' lang='lat' dir='ltr'><strong>Nicolao</strong></span> <span class='ocrx_word' id='word_1_119' title='bbox 706 2323 715 2391; x_wconf 91' lang='lat'>;</span> <span class='ocrx_word' id='word_1_120' title='bbox 728 2324 919 2391; x_wconf 88' lang='lat' dir='ltr'><strong>quanquam</strong></span> <span class='ocrx_word' id='word_1_121' title='bbox 930 2303 1127 2371; x_wconf 90' lang='lat' dir='ltr'><strong>llincmarus</strong></span> <span class='ocrx_word' id='word_1_122' title='bbox 1140 2303 1324 2393; x_wconf 92' lang='lat' dir='ltr'><strong>imperium</strong></span> 
     </span>
     <span class='ocr_line' id='line_1_18' title="bbox 249 2415 1323 2507; baseline 0.003 -24"><span class='ocrx_word' id='word_1_123' title='bbox 249 2415 391 2484; x_wconf 89' lang='lat' dir='ltr'><strong>Romani</strong></span> <span class='ocrx_word' id='word_1_124' title='bbox 410 2418 572 2504; x_wconf 91' lang='lat' dir='ltr'><strong>pontificis</strong></span> <span class='ocrx_word' id='word_1_125' title='bbox 587 2439 760 2506; x_wconf 90' lang='lat' dir='ltr'><strong>nunquam</strong></span> <span class='ocrx_word' id='word_1_126' title='bbox 775 2420 948 2507; x_wconf 89' lang='lat' dir='ltr'><strong>recusavit,</strong></span> <span class='ocrx_word' id='word_1_127' title='bbox 963 2419 1020 2487; x_wconf 94' lang='lat' dir='ltr'><strong>sed</strong></span> <span class='ocrx_word' id='word_1_128' title='bbox 1030 2419 1123 2507; x_wconf 83' lang='lat' dir='ltr'><strong>jussa</strong></span> <span class='ocrx_word' id='word_1_129' title='bbox 1138 2419 1224 2487; x_wconf 77' lang='lat' dir='ltr'><strong>sediS</strong></span> <span class='ocrx_word' id='word_1_130' title='bbox 1240 2439 1323 2506; x_wconf 89' lang='lat' dir='ltr'><strong>apo-</strong></span> 
     </span>
     <span class='ocr_line' id='line_1_19' title="bbox 250 2531 1323 2621; baseline 0.003 -22"><span class='ocrx_word' id='word_1_131' title='bbox 250 2533 380 2620; x_wconf 86' lang='lat' dir='ltr'><strong>stolicae,</strong></span> <span class='ocrx_word' id='word_1_132' title='bbox 393 2531 420 2600; x_wconf 92' lang='lat' dir='ltr'><strong>si</strong></span> <span class='ocrx_word' id='word_1_133' title='bbox 437 2553 502 2600; x_wconf 95' lang='lat' dir='ltr'><strong>non</strong></span> <span class='ocrx_word' id='word_1_134' title='bbox 517 2534 627 2601; x_wconf 93' lang='lat' dir='ltr'><strong>omnia</strong></span> <span class='ocrx_word' id='word_1_135' title='bbox 642 2534 795 2621; x_wconf 88' lang='lat' dir='ltr'><strong>libenter,</strong></span> <span class='ocrx_word' id='word_1_136' title='bbox 812 2543 844 2601; x_wconf 90' lang='lat' dir='ltr'><strong>at</strong></span> <span class='ocrx_word' id='word_1_137' title='bbox 858 2544 944 2602; x_wconf 89' lang='lat' dir='ltr'><strong>certe</strong></span> <span class='ocrx_word' id='word_1_138' title='bbox 959 2534 1148 2602; x_wconf 91' lang='lat' dir='ltr'><strong>obedienter</strong></span> <span class='ocrx_word' id='word_1_139' title='bbox 1159 2533 1323 2603; x_wconf 79' lang='lat' dir='ltr'><strong>facessere</strong></span> 
     </span>
     <span class='ocr_line' id='line_1_20' title="bbox 251 2651 1323 2740; baseline 0.003 -23"><span class='ocrx_word' id='word_1_140' title='bbox 251 2651 383 2719; x_wconf 90' lang='lat' dir='ltr'><strong>tandem</strong></span> <span class='ocrx_word' id='word_1_141' title='bbox 408 2651 543 2721; x_wconf 90' lang='lat' dir='ltr'><strong>solebat.</strong></span> <span class='ocrx_word' id='word_1_142' title='bbox 572 2652 638 2722; x_wconf 90' lang='lat' dir='ltr'><strong>Nec</strong></span> <span class='ocrx_word' id='word_1_143' title='bbox 666 2651 755 2720; x_wconf 91' lang='lat' dir='ltr'><strong>enim</strong></span> <span class='ocrx_word' id='word_1_144' title='bbox 785 2653 916 2740; x_wconf 89' lang='lat' dir='ltr'><strong>utrique</strong></span> <span class='ocrx_word' id='word_1_145' title='bbox 947 2653 1057 2722; x_wconf 88' lang='lat' dir='ltr'><strong>deerat</strong></span> <span class='ocrx_word' id='word_1_146' title='bbox 1081 2663 1197 2720; x_wconf 89' lang='lat' dir='ltr'><strong>natura</strong></span> <span class='ocrx_word' id='word_1_147' title='bbox 1217 2654 1323 2721; x_wconf 87' lang='lat' dir='ltr'><strong>solers</strong></span> 
     </span>
     <span class='ocr_line' id='line_1_21' title="bbox 251 2765 1324 2857; baseline 0.001 -24"><span class='ocrx_word' id='word_1_148' title='bbox 251 2787 287 2834; x_wconf 88' lang='lat' dir='ltr'><strong>ac</strong></span> <span class='ocrx_word' id='word_1_149' title='bbox 308 2765 449 2857; x_wconf 89' lang='lat' dir='ltr'><strong>subtilis,</strong></span> <span class='ocrx_word' id='word_1_150' title='bbox 471 2767 527 2835; x_wconf 90' lang='lat' dir='ltr'><strong>sed</strong></span> <span class='ocrx_word' id='word_1_151' title='bbox 551 2787 588 2836; x_wconf 91' lang='lat' dir='ltr'><strong>ea</strong></span> <span class='ocrx_word' id='word_1_152' title='bbox 614 2768 649 2834; x_wconf 94' lang='lat' dir='ltr'><strong>in</strong></span> <span class='ocrx_word' id='word_1_153' title='bbox 673 2767 851 2836; x_wconf 89' lang='lat' dir='ltr'><strong>Hincmarc</strong></span> <span class='ocrx_word' id='word_1_154' title='bbox 873 2789 939 2837; x_wconf 90' lang='lat' dir='ltr'><strong>non</strong></span> <span class='ocrx_word' id='word_1_155' title='bbox 962 2767 1007 2836; x_wconf 89' lang='lat' dir='ltr'><strong>ita</strong></span> <span class='ocrx_word' id='word_1_156' title='bbox 1030 2767 1104 2854; x_wconf 88' lang='lat' dir='ltr'><strong>luit,</strong></span> <span class='ocrx_word' id='word_1_157' title='bbox 1130 2778 1166 2835; x_wconf 92' lang='lat' dir='ltr'><strong>nt</strong></span> <span class='ocrx_word' id='word_1_158' title='bbox 1187 2769 1324 2836; x_wconf 90' lang='lat' dir='ltr'><strong>easdem</strong></span> 
     </span>
     <span class='ocr_line' id='line_1_22' title="bbox 249 2875 1322 2972; baseline 0.001 -24"><span class='ocrx_word' id='word_1_159' title='bbox 249 2880 380 2950; x_wconf 84' lang='lat' dir='ltr'><strong>fraudes</strong></span> <span class='ocrx_word' id='word_1_160' title='bbox 395 2893 535 2951; x_wconf 89' lang='lat' dir='ltr'><strong>strueret</strong></span> <span class='ocrx_word' id='word_1_161' title='bbox 551 2875 634 2970; x_wconf 82' lang='lat' dir='ltr'><strong>quas&#39;</strong></span> <span class='ocrx_word' id='word_1_162' title='bbox 642 2881 791 2971; x_wconf 89' lang='lat' dir='ltr'><strong>Photius,</strong></span> <span class='ocrx_word' id='word_1_163' title='bbox 801 2882 1116 2972; x_wconf 79' lang='lat' dir='ltr'><strong>quasanasusius2.</strong></span> <span class='ocrx_word' id='word_1_164' title='bbox 1134 2882 1322 2970; x_wconf 89' lang='lat' dir='ltr'><strong>llincmari,</strong></span> 
     </span>
     <span class='ocr_line' id='line_1_23' title="bbox 251 2997 1322 3086; baseline 0.001 -23"><span class='ocrx_word' id='word_1_165' title='bbox 251 3006 413 3083; x_wconf 87' lang='lat' dir='ltr'><strong>quantum</strong></span> <span class='ocrx_word' id='word_1_166' title='bbox 432 2997 592 3086; x_wconf 80' lang='lat' dir='ltr'><strong>intelligo,</strong></span> <span class='ocrx_word' id='word_1_167' title='bbox 608 2997 713 3086; x_wconf 88' lang='lat' dir='ltr'><strong>major</strong></span> <span class='ocrx_word' id='word_1_168' title='bbox 739 3007 771 3066; x_wconf 90' lang='lat' dir='ltr'><strong>et</strong></span> <span class='ocrx_word' id='word_1_169' title='bbox 791 2999 905 3086; x_wconf 88' lang='lat' dir='ltr'><strong>religio</strong></span> <span class='ocrx_word' id='word_1_170' title='bbox 924 3009 956 3066; x_wconf 89' lang='lat' dir='ltr'><strong>et</strong></span> <span class='ocrx_word' id='word_1_171' title='bbox 974 2999 1144 3086; x_wconf 86' lang='lat' dir='ltr'><strong>integritas</strong></span> <span class='ocrx_word' id='word_1_172' title='bbox 1164 3008 1197 3067; x_wconf 90' lang='lat' dir='ltr'><strong>et</strong></span> <span class='ocrx_word' id='word_1_173' title='bbox 1215 2999 1322 3065; x_wconf 88' lang='lat' dir='ltr'><strong>animi</strong></span> 
     </span>
     <span class='ocr_line' id='line_1_24' title="bbox 251 3111 1322 3203; baseline 0.005 -26"><span class='ocrx_word' id='word_1_174' title='bbox 251 3111 448 3200; x_wconf 81' lang='lat' dir='ltr'><strong>excelsitas³,</strong></span> <span class='ocrx_word' id='word_1_175' title='bbox 466 3133 532 3180; x_wconf 91' lang='lat' dir='ltr'><strong>non</strong></span> <span class='ocrx_word' id='word_1_176' title='bbox 547 3115 633 3200; x_wconf 92' lang='lat' dir='ltr'><strong>qnod</strong></span> <span class='ocrx_word' id='word_1_177' title='bbox 646 3135 723 3182; x_wconf 90' lang='lat' dir='ltr'><strong>enm</strong></span> <span class='ocrx_word' id='word_1_178' title='bbox 738 3115 828 3181; x_wconf 91' lang='lat' dir='ltr'><strong>omni</strong></span> <span class='ocrx_word' id='word_1_179' title='bbox 842 3117 936 3203; x_wconf 90' lang='lat' dir='ltr'><strong>culpa</strong></span> <span class='ocrx_word' id='word_1_180' title='bbox 950 3116 1093 3183; x_wconf 87' lang='lat' dir='ltr'><strong>caruisse</strong></span> <span class='ocrx_word' id='word_1_181' title='bbox 1103 3126 1216 3203; x_wconf 90' lang='lat' dir='ltr'><strong>putem</strong></span> <span class='ocrx_word' id='word_1_182' title='bbox 1228 3136 1237 3184; x_wconf 72' lang='grc' dir='ltr'><strong>ε</strong></span> <span class='ocrx_word' id='word_1_183' title='bbox 1249 3125 1322 3182; x_wconf 89' lang='lat' dir='ltr'><strong>erat</strong></span> 
     </span>
     <span class='ocr_line' id='line_1_25' title="bbox 251 3225 1320 3318; baseline 0.006 -27"><span class='ocrx_word' id='word_1_184' title='bbox 251 3225 426 3312; x_wconf 89' lang='lat' dir='ltr'><strong>aliquando</strong></span> <span class='ocrx_word' id='word_1_185' title='bbox 441 3225 543 3313; x_wconf 86' lang='lat' dir='ltr'><strong>judex</strong></span> <span class='ocrx_word' id='word_1_186' title='bbox 559 3227 671 3297; x_wconf 89' lang='lat' dir='ltr'><strong>durior</strong></span> <span class='ocrx_word' id='word_1_187' title='bbox 686 3251 722 3299; x_wconf 90' lang='lat' dir='ltr'><strong>ac</strong></span> <span class='ocrx_word' id='word_1_188' title='bbox 737 3249 855 3317; x_wconf 90' lang='lat' dir='ltr'><strong>parum</strong></span> <span class='ocrx_word' id='word_1_189' title='bbox 869 3229 1049 3318; x_wconf 74' lang='lat' dir='ltr'><strong>placabilia,</strong></span> <span class='ocrx_word' id='word_1_190' title='bbox 1065 3240 1103 3298; x_wconf 92' lang='lat' dir='ltr'><strong>ut</strong></span> <span class='ocrx_word' id='word_1_191' title='bbox 1119 3250 1184 3297; x_wconf 92' lang='lat' dir='ltr'><strong>nou</strong></span> <span class='ocrx_word' id='word_1_192' title='bbox 1202 3229 1320 3297; x_wconf 90' lang='lat' dir='ltr'><strong>inutile</strong></span> 
     </span>
     <span class='ocr_line' id='line_1_26' title="bbox 250 3339 1321 3432; baseline 0.003 -24"><span class='ocrx_word' id='word_1_193' title='bbox 250 3339 348 3412; x_wconf 88' lang='lat' dir='ltr'><strong>suerit</strong></span> <span class='ocrx_word' id='word_1_194' title='bbox 361 3363 507 3411; x_wconf 86' lang='lat' dir='ltr'><strong>summos</strong></span> <span class='ocrx_word' id='word_1_195' title='bbox 523 3344 691 3432; x_wconf 89' lang='lat' dir='ltr'><strong>pontifices</strong></span> <span class='ocrx_word' id='word_1_196' title='bbox 706 3345 873 3413; x_wconf 90' lang='lat' dir='ltr'><strong>interdum</strong></span> <span class='ocrx_word' id='word_1_197' title='bbox 888 3365 958 3414; x_wconf 91' lang='lat' dir='ltr'><strong>sese</strong></span> <span class='ocrx_word' id='word_1_198' title='bbox 973 3345 1183 3432; x_wconf 87' lang='lat' dir='ltr'><strong>interponere</strong></span> <span class='ocrx_word' id='word_1_199' title='bbox 1193 3344 1321 3432; x_wconf 88' lang='lat' dir='ltr'><strong>virique</strong></span> 
     </span>
    </p>
   </div>
   <div class='ocr_carea' id='block_1_3' title="bbox 250 3571 1322 4355">
    <p class='ocr_par' dir='ltr' id='par_1_4' title="bbox 250 3571 1320 3882">
     <span class='ocr_line' id='line_1_27' title="bbox 283 3571 1320 3641; baseline 0 -19"><span class='ocrx_word' id='word_1_200' title='bbox 283 3575 306 3622; x_wconf 82' lang='lat' dir='ltr'><strong>t.-</strong></span> <span class='ocrx_word' id='word_1_201' title='bbox 322 3571 355 3624; x_wconf 84' lang='lat' dir='ltr'><strong>V.</strong></span> <span class='ocrx_word' id='word_1_202' title='bbox 377 3573 502 3623; x_wconf 80' lang='lat' dir='ltr'><strong>Ratramni</strong></span> <span class='ocrx_word' id='word_1_203' title='bbox 522 3574 658 3625; x_wconf 79' lang='lat' dir='ltr'><strong>corbiensis</strong></span> <span class='ocrx_word' id='word_1_204' title='bbox 681 3575 776 3626; x_wconf 81' lang='lat' dir='ltr'><strong>Contra</strong></span> <span class='ocrx_word' id='word_1_205' title='bbox 807 3578 953 3628; x_wconf 80' lang='lat' dir='ltr'><strong>Graecorum</strong></span> <span class='ocrx_word' id='word_1_206' title='bbox 974 3577 1103 3641; x_wconf 76' lang='lat' dir='ltr'><strong>oppositu,</strong></span> <span class='ocrx_word' id='word_1_207' title='bbox 1130 3575 1148 3625; x_wconf 93' lang='lat' dir='ltr'><strong>l.</strong></span> <span class='ocrx_word' id='word_1_208' title='bbox 1163 3575 1209 3638; x_wconf 84' lang='lat' dir='ltr'><strong>IV,</strong></span> <span class='ocrx_word' id='word_1_209' title='bbox 1231 3589 1253 3626; x_wconf 91' lang='lat' dir='ltr'><strong>c.</strong></span> <span class='ocrx_word' id='word_1_210' title='bbox 1272 3585 1320 3623; x_wconf 84' lang='lat' dir='ltr'><strong>vm</strong></span> 
     </span>
     <span class='ocr_line' id='line_1_28' title="bbox 252 3652 1320 3721; baseline 0.001 -20"><span class='ocrx_word' id='word_1_211' title='bbox 252 3652 354 3715; x_wconf 82' lang='lat' dir='ltr'><strong>(Migne,</strong></span> <span class='ocrx_word' id='word_1_212' title='bbox 376 3655 402 3702; x_wconf 88' lang='lat' dir='ltr'><strong>P.</strong></span> <span class='ocrx_word' id='word_1_213' title='bbox 427 3655 464 3717; x_wconf 90' lang='lat' dir='ltr'><strong>L.‚</strong></span> <span class='ocrx_word' id='word_1_214' title='bbox 491 3662 510 3703; x_wconf 91' lang='lat' dir='ltr'><strong>t.</strong></span> <span class='ocrx_word' id='word_1_215' title='bbox 533 3657 618 3718; x_wconf 86' lang='lat' dir='ltr'><strong>CXXI,</strong></span> <span class='ocrx_word' id='word_1_216' title='bbox 642 3671 666 3718; x_wconf 95' lang='lat' dir='ltr'><strong>p.</strong></span> <span class='ocrx_word' id='word_1_217' title='bbox 689 3658 734 3705; x_wconf 73' lang='lat'><strong>334</strong></span> <span class='ocrx_word' id='word_1_218' title='bbox 749 3657 829 3721; x_wconf 88' lang='lat' dir='ltr'><strong>sqq.);</strong></span> <span class='ocrx_word' id='word_1_219' title='bbox 846 3659 927 3706; x_wconf 81' lang='lat' dir='ltr'><strong>AEneae</strong></span> <span class='ocrx_word' id='word_1_220' title='bbox 942 3656 1081 3705; x_wconf 84' lang='lat' dir='ltr'><strong>Parisiensis</strong></span> <span class='ocrx_word' id='word_1_221' title='bbox 1095 3655 1201 3720; x_wconf 85' lang='lat' dir='ltr'><strong>episcopi</strong></span> <span class='ocrx_word' id='word_1_222' title='bbox 1217 3653 1320 3704; x_wconf 81' lang='lat' dir='ltr'><strong>Librum</strong></span> 
     </span>
     <span class='ocr_line' id='line_1_29' title="bbox 250 3732 1319 3801; baseline 0.001 -21"><span class='ocrx_word' id='word_1_223' title='bbox 250 3732 373 3781; x_wconf 76' lang='lat' dir='ltr'><strong>adversus</strong></span> <span class='ocrx_word' id='word_1_224' title='bbox 392 3733 503 3797; x_wconf 75' lang='lat' dir='ltr'><strong>Grecos,</strong></span> <span class='ocrx_word' id='word_1_225' title='bbox 516 3750 539 3784; x_wconf 92' lang='lat' dir='ltr'><strong>c.</strong></span> <span class='ocrx_word' id='word_1_226' title='bbox 564 3747 692 3784; x_wconf 71' lang='lat' dir='ltr'><strong>ccxxxvu</strong></span> <span class='ocrx_word' id='word_1_227' title='bbox 712 3750 766 3800; x_wconf 85' lang='lat' dir='ltr'><strong>sqq.</strong></span> <span class='ocrx_word' id='word_1_228' title='bbox 786 3737 888 3798; x_wconf 76' lang='lat' dir='ltr'><strong>(iligne,</strong></span> <span class='ocrx_word' id='word_1_229' title='bbox 910 3737 980 3797; x_wconf 77' lang='lat' dir='ltr'><strong>ibid,</strong></span> <span class='ocrx_word' id='word_1_230' title='bbox 996 3752 1021 3801; x_wconf 85' lang='lat' dir='ltr'><strong>p.</strong></span> <span class='ocrx_word' id='word_1_231' title='bbox 1034 3739 1079 3786; x_wconf 79' lang='lat' dir='ltr'><strong>&#39;tte</strong></span> <span class='ocrx_word' id='word_1_232' title='bbox 1097 3736 1176 3800; x_wconf 85' lang='lat' dir='ltr'><strong>sqq.);</strong></span> <span class='ocrx_word' id='word_1_233' title='bbox 1195 3733 1319 3784; x_wconf 83' lang='lat' dir='ltr'><strong>llincmari</strong></span> 
     </span>
     <span class='ocr_line' id='line_1_30' title="bbox 251 3813 1252 3882; baseline 0.003 -22"><span class='ocrx_word' id='word_1_234' title='bbox 251 3813 334 3875; x_wconf 79' lang='lat' dir='ltr'><strong>Epist.</strong></span> <span class='ocrx_word' id='word_1_235' title='bbox 347 3813 383 3862; x_wconf 86' lang='lat' dir='ltr'><strong>cd</strong></span> <span class='ocrx_word' id='word_1_236' title='bbox 395 3813 505 3864; x_wconf 75' lang='lat' dir='ltr'><strong>(Idoneus</strong></span> <span class='ocrx_word' id='word_1_237' title='bbox 520 3815 663 3878; x_wconf 81' lang='lat' dir='ltr'><strong>episcopum</strong></span> <span class='ocrx_word' id='word_1_238' title='bbox 676 3815 875 3866; x_wconf 82' lang='lat' dir='ltr'><strong>Belloucceusem</strong></span> <span class='ocrx_word' id='word_1_239' title='bbox 889 3817 994 3882; x_wconf 74' lang='lat' dir='ltr'><strong>(bligne,</strong></span> <span class='ocrx_word' id='word_1_240' title='bbox 1006 3825 1028 3868; x_wconf 83' lang='lat' dir='ltr'><strong>t.</strong></span> <span class='ocrx_word' id='word_1_241' title='bbox 1041 3817 1152 3877; x_wconf 86' lang='lat' dir='ltr'><strong>CXXVI,</strong></span> <span class='ocrx_word' id='word_1_242' title='bbox 1163 3831 1188 3880; x_wconf 86' lang='lat' dir='ltr'><strong>p.</strong></span> <span class='ocrx_word' id='word_1_243' title='bbox 1200 3814 1252 3878; x_wconf 80' lang='lat' dir='ltr'><strong>ot).</strong></span> 
     </span>
    </p>

    <p class='ocr_par' dir='ltr' id='par_1_5' title="bbox 251 3891 1321 4042">
     <span class='ocr_line' id='line_1_31' title="bbox 281 3891 1321 3962; baseline 0.001 -21"><span class='ocrx_word' id='word_1_244' title='bbox 281 3896 304 3942; x_wconf 84' lang='lat'><strong>2.</strong></span> <span class='ocrx_word' id='word_1_245' title='bbox 323 3893 481 3942; x_wconf 88' lang='lat' dir='ltr'><strong>llincmarum</strong></span> <span class='ocrx_word' id='word_1_246' title='bbox 501 3894 592 3943; x_wconf 77' lang='lat' dir='ltr'><strong>fraudis</strong></span> <span class='ocrx_word' id='word_1_247' title='bbox 609 3902 633 3943; x_wconf 87' lang='lat' dir='ltr'><strong>et</strong></span> <span class='ocrx_word' id='word_1_248' title='bbox 654 3894 770 3944; x_wconf 89' lang='lat' dir='ltr'><strong>mendacii</strong></span> <span class='ocrx_word' id='word_1_249' title='bbox 791 3898 934 3946; x_wconf 83' lang='lat' dir='ltr'><strong>recentiores</strong></span> <span class='ocrx_word' id='word_1_250' title='bbox 957 3899 1056 3962; x_wconf 86' lang='lat' dir='ltr'><strong>quidam</strong></span> <span class='ocrx_word' id='word_1_251' title='bbox 1077 3901 1235 3955; x_wconf 57' lang='lat' dir='ltr'><strong>rerumrerum</strong></span> <span class='ocrx_word' id='word_1_252' title='bbox 1257 3891 1321 3959; x_wconf 90' lang='lat' dir='ltr'><strong>qnod</strong></span> 
     </span>
     <span class='ocr_line' id='line_1_32' title="bbox 251 3973 1228 4042; baseline 0.005 -23"><span class='ocrx_word' id='word_1_253' title='bbox 251 3985 324 4034; x_wconf 85' lang='lat' dir='ltr'><strong>quam</strong></span> <span class='ocrx_word' id='word_1_254' title='bbox 343 3973 375 4020; x_wconf 87' lang='lat' dir='ltr'><strong>sit</strong></span> <span class='ocrx_word' id='word_1_255' title='bbox 395 3973 480 4023; x_wconf 86' lang='lat' dir='ltr'><strong>leviter</strong></span> <span class='ocrx_word' id='word_1_256' title='bbox 497 3975 596 4024; x_wconf 89' lang='lat' dir='ltr'><strong>allatum</strong></span> <span class='ocrx_word' id='word_1_257' title='bbox 615 3975 727 4040; x_wconf 84' lang='lat' dir='ltr'><strong>probarit</strong></span> <span class='ocrx_word' id='word_1_258' title='bbox 740 3977 770 4024; x_wconf 90' lang='lat' dir='ltr'><strong>ll.</strong></span> <span class='ocrx_word' id='word_1_259' title='bbox 787 3976 886 4026; x_wconf 84' lang='lat' dir='ltr'><strong>Scbmrs</strong></span> <span class='ocrx_word' id='word_1_260' title='bbox 902 3978 1048 4040; x_wconf 81' lang='lat' dir='ltr'><strong>(Hiukmar,</strong></span> <span class='ocrx_word' id='word_1_261' title='bbox 1064 3991 1088 4042; x_wconf 90' lang='lat' dir='ltr'><strong>p.</strong></span> <span class='ocrx_word' id='word_1_262' title='bbox 1104 3977 1228 4039; x_wconf 56' lang='lat' dir='ltr'><strong>boleti).</strong></span> 
     </span>
    </p>

    <p class='ocr_par' dir='ltr' id='par_1_6' title="bbox 250 4053 1322 4355">
     <span class='ocr_line' id='line_1_33' title="bbox 282 4053 1321 4123; baseline 0.003 -25"><span class='ocrx_word' id='word_1_263' title='bbox 282 4053 307 4101; x_wconf 83' lang='lat'><strong>3.</strong></span> <span class='ocrx_word' id='word_1_264' title='bbox 325 4053 398 4101; x_wconf 81' lang='lat' dir='ltr'><strong>Varia</strong></span> <span class='ocrx_word' id='word_1_265' title='bbox 409 4054 439 4103; x_wconf 90' lang='lat' dir='ltr'><strong>de</strong></span> <span class='ocrx_word' id='word_1_266' title='bbox 455 4056 582 4105; x_wconf 88' lang='lat' dir='ltr'><strong>Hincmaro</strong></span> <span class='ocrx_word' id='word_1_267' title='bbox 597 4056 696 4105; x_wconf 82' lang='lat' dir='ltr'><strong>fuerunt</strong></span> <span class='ocrx_word' id='word_1_268' title='bbox 711 4055 800 4118; x_wconf 79' lang='lat' dir='ltr'><strong>judIcia</strong></span> <span class='ocrx_word' id='word_1_269' title='bbox 814 4055 991 4122; x_wconf 87' lang='lat' dir='ltr'><strong>historicorum,</strong></span> <span class='ocrx_word' id='word_1_270' title='bbox 1004 4073 1105 4122; x_wconf 87' lang='lat' dir='ltr'><strong>quornm</strong></span> <span class='ocrx_word' id='word_1_271' title='bbox 1120 4058 1201 4123; x_wconf 84' lang='lat' dir='ltr'><strong>plures</strong></span> <span class='ocrx_word' id='word_1_272' title='bbox 1212 4069 1259 4104; x_wconf 92' lang='lat' dir='ltr'><strong>non</strong></span> <span class='ocrx_word' id='word_1_273' title='bbox 1272 4059 1321 4102; x_wconf 85' lang='lat' dir='ltr'><strong>tam</strong></span> 
     </span>
     <span class='ocr_line' id='line_1_34' title="bbox 252 4129 1322 4201; baseline 0.003 -25"><span class='ocrx_word' id='word_1_274' title='bbox 252 4129 414 4192; x_wconf 74' lang='lat' dir='ltr'><strong>aequabilitate</strong></span> <span class='ocrx_word' id='word_1_275' title='bbox 428 4134 541 4185; x_wconf 84' lang='lat' dir='ltr'><strong>historica</strong></span> <span class='ocrx_word' id='word_1_276' title='bbox 555 4152 627 4201; x_wconf 91' lang='lat' dir='ltr'><strong>quam</strong></span> <span class='ocrx_word' id='word_1_277' title='bbox 642 4135 721 4185; x_wconf 87' lang='lat' dir='ltr'><strong>studio</strong></span> <span class='ocrx_word' id='word_1_278' title='bbox 741 4133 876 4197; x_wconf 72' lang='lat' dir='ltr'><strong>theologico</strong></span> <span class='ocrx_word' id='word_1_279' title='bbox 890 4143 999 4198; x_wconf 81' lang='lat' dir='ltr'><strong>egerunt.</strong></span> <span class='ocrx_word' id='word_1_280' title='bbox 1015 4139 1068 4197; x_wconf 85' lang='lat' dir='ltr'><strong>Qua</strong></span> <span class='ocrx_word' id='word_1_281' title='bbox 1082 4137 1112 4188; x_wconf 87' lang='lat' dir='ltr'><strong>de</strong></span> <span class='ocrx_word' id='word_1_282' title='bbox 1127 4153 1152 4186; x_wconf 87' lang='lat' dir='ltr'><strong>rc</strong></span> <span class='ocrx_word' id='word_1_283' title='bbox 1168 4131 1322 4186; x_wconf 83' lang='lat' dir='ltr'><strong>consulendus</strong></span> 
     </span>
     <span class='ocr_line' id='line_1_35' title="bbox 250 4209 1320 4282; baseline 0.005 -26"><span class='ocrx_word' id='word_1_284' title='bbox 250 4215 287 4256; x_wconf 84' lang='lat' dir='ltr'><strong>est</strong></span> <span class='ocrx_word' id='word_1_285' title='bbox 297 4209 328 4258; x_wconf 89' lang='lat' dir='ltr'><strong>ll.</strong></span> <span class='ocrx_word' id='word_1_286' title='bbox 341 4211 448 4274; x_wconf 83' lang='lat' dir='ltr'><strong>Schrors,</strong></span> <span class='ocrx_word' id='word_1_287' title='bbox 459 4216 499 4278; x_wconf 90' lang='lat' dir='ltr'><strong>qui</strong></span> <span class='ocrx_word' id='word_1_288' title='bbox 515 4217 566 4280; x_wconf 86' lang='lat' dir='ltr'><strong>ipse</strong></span> <span class='ocrx_word' id='word_1_289' title='bbox 577 4232 632 4267; x_wconf 89' lang='lat' dir='ltr'><strong>eum</strong></span> <span class='ocrx_word' id='word_1_290' title='bbox 642 4216 780 4280; x_wconf 80' lang='lat' dir='ltr'><strong>benignius,</strong></span> <span class='ocrx_word' id='word_1_291' title='bbox 792 4223 844 4266; x_wconf 89' lang='lat' dir='ltr'><strong>tum</strong></span> <span class='ocrx_word' id='word_1_292' title='bbox 857 4217 940 4277; x_wconf 88' lang='lat' dir='ltr'><strong>etiam,</strong></span> <span class='ocrx_word' id='word_1_293' title='bbox 955 4224 982 4268; x_wconf 90' lang='lat' dir='ltr'><strong>ut</strong></span> <span class='ocrx_word' id='word_1_294' title='bbox 994 4219 1085 4282; x_wconf 89' lang='lat' dir='ltr'><strong>opinor,</strong></span> <span class='ocrx_word' id='word_1_295' title='bbox 1098 4218 1179 4268; x_wconf 82' lang='lat' dir='ltr'><strong>verius</strong></span> <span class='ocrx_word' id='word_1_296' title='bbox 1191 4211 1320 4280; x_wconf 81' lang='lat' dir='ltr'><strong>judicarit.</strong></span> 
     </span>
     <span class='ocr_line' id='line_1_36' title="bbox 253 4289 541 4355; baseline 0.024 -16"><span class='ocrx_word' id='word_1_297' title='bbox 253 4289 282 4339; x_wconf 87' lang='lat' dir='ltr'><strong>V.</strong></span> <span class='ocrx_word' id='word_1_298' title='bbox 296 4303 336 4353; x_wconf 92' lang='lat' dir='ltr'><strong>op.</strong></span> <span class='ocrx_word' id='word_1_299' title='bbox 350 4290 404 4350; x_wconf 74' lang='lat' dir='ltr'><strong>cit..</strong></span> <span class='ocrx_word' id='word_1_300' title='bbox 420 4307 444 4355; x_wconf 87' lang='lat' dir='ltr'><strong>p.</strong></span> <span class='ocrx_word' id='word_1_301' title='bbox 459 4296 541 4346; x_wconf 74' lang='lat' dir='ltr'><strong>tra-s.</strong></span> 
     </span>
    </p>
   </div>
   <div class='ocr_carea' id='block_1_4' title="bbox 0 0 1482 5050">
    <p class='ocr_par' dir='ltr' id='par_1_7' title="bbox 0 0 1482 5050">
     <span class='ocr_line' id='line_1_37' title="bbox 0 0 1482 5050; baseline 0 0"><span class='ocrx_word' id='word_1_302' title='bbox 0 0 1482 5050; x_wconf 95' lang='lat' dir='ltr'><strong> </strong></span> 
     </span>
    </p>
   </div>
  </div>
 </body>
</html>
