3006 5050
271 401 318 452 tto*
361 397 562 449 ANASTASll
583 396 773 448 lNGENlUM
794 397 841 446 EX
862 396 1062 448 EPISTOLlS
1083 397 1268 447 arcetur}

270 540 299 606 si
316 541 376 608 hoc
394 538 509 608 eodem
523 539 630 607 secolo
644 559 732 606 nono
748 540 828 606 alter
840 537 981 626 pontifex
996 526 1180 624 Romanus,
1197 538 1330 626 Stepha-

272 654 404 741 nusV,
428 653 582 722 falsarum
609 653 820 722 decretalium
847 652 942 720 nisus
967 653 1174 740 auctoritate,
1204 653 1328 722 concilii

270 768 393 837 Nicaeni
408 787 549 837 canones
560 769 669 856 plures
678 768 778 837 luisse
788 789 888 856 qnam
897 769 921 835 ii
932 769 988 855 qui
998 767 1174 836 inecalesia
1184 767 1326 837 Romana

271 894 342 952 tom
364 884 519 970 temporis
541 883 742 971 ferebantur,
768 894 801 952 et
821 883 885 953 sibi
908 884 1069 973 persuasit
1096 895 1129 951 et
1155 883 1191 950 in
1215 883 1325 952 litteris

271 998 311 1066 ad
327 998 536 1067 Liutbertum
564 998 841 1086 archiepiscopum
861 997 1094 1084 Mogontinum
1117 999 1226 1066 missis
1245 998 1327 1065 dilu-

271 1113 342 1181 cide
365 1111 590 1200 significaris,
604 1113 683 1199 quid
702 1113 827 1182 mirum
845 1112 934 1201 quod
954 1111 1105 1180 Nicolaus
1118 1133 1203 1202 papa
1216 1112 1232 1179 l
1245 1113 1325 1180 idern

269 1248 403 1316 prorsus
424 1226 610 1314 crediderit,
635 1227 725 1317 quod¹
743 1228 832 1296 idem
851 1228 1046 1296 Anastasius
1067 1227 1211 1314 prolerre
1233 1248 1326 1296 ausus

272 1342 345 1411 sit?

314 1459 379 1527 Sed
393 1458 456 1527 alia
466 1467 543 1526 sunt
556 1467 589 1527 et
602 1478 639 1528 ea
654 1450 721 1527 non
735 1459 847 1527 minus
858 1458 1043 1548 manifesta,
1054 1479 1128 1548 que
1138 1457 1326 1527 Anastasius

270 1575 312 1642 ab
324 1573 393 1642 istis
407 1574 600 1642 commentis
617 1573 653 1641 in
666 1575 788 1643 litteras
803 1575 990 1664 apostolicas
1006 1576 1184 1644 transtulit.
1200 1573 1326 1641 Etenim

271 1687 557 1758 Pseudolsidorus
580 1687 863 1777 frequentissimus
883 1689 990 1759 luerat
1012 1690 1046 1757 in
1068 1689 1258 1778 exponenda
1279 1689 1328 1754 illa

271 1805 474 1874 institutione
488 1825 586 1891 quam
598 1814 713 1874 vocant
725 1804 947 1896 exceptionem
961 1805 1072 1895 spolii,
1090 1827 1155 1892 qua
1167 1804 1329 1893 precipie-

272 1920 368 1988 batur
379 1930 417 1988 ut
431 1920 572 2007 episcopi
583 1930 697 1988 contra
713 1922 821 2007 legem
835 1919 971 2009 judicati
986 1930 1083 2008 atque
1095 1919 1219 2008 injuria
1231 1922 1330 1986 hono-

271 2035 363 2104 ribus
372 2035 513 2124 spoliati,
525 2035 678 2104 emissam
688 2035 894 2123 dignitatem,
902 2035 1096 2124 priusquam
1105 2036 1237 2103 illorum
1250 2053 1331 2102 reto

271 2159 481 2238 gnosceretor
499 2171 609 2239 causa,
629 2151 822 2239 reciperent,
841 2172 906 2238 quo
922 2151 1018 2239 facto,
1033 2152 1072 2219 ad
1084 2150 1329 2236 accusationem,

273 2423 363 2458 errasse
372 2408 467 2458 ridetur
479 2408 512 2474 (r.
521 2410 653 2460 innocentii
668 2413 680 2462 l
693 2410 837 2477 Epistulam
851 2411 887 2460 ad
899 2412 1045 2475 Victoriam,
1056 2426 1078 2461 c.
1088 2424 1130 2476 ru,
1139 2414 1152 2474 5
1160 2414 1185 2473 6,
1195 2425 1235 2475 ap.
1244 2410 1330 2472 iligna,

272 2488 341 2552 ibid,
351 2503 375 2554 p.
388 2489 454 2554 413.)
463 2488 529 2539 Felix
537 2495 618 2540 autem
629 2492 674 2556 lll,
684 2491 710 2540 io
720 2490 820 2554 epistola
833 2490 862 2539 ad
874 2491 976 2542 Vitalem
990 2498 1016 2541 et
1024 2492 1144 2541 Misenum
1158 2492 1255 2556 scripta,
1265 2504 1331 2540 muo-

272 2583 328 2618 nem
337 2568 404 2619 illum
418 2569 538 2619 dicentem
549 2585 555 2620 :
566 2571 680 2620 Romanae
691 2571 756 2620 urhis
765 2571 902 2635 episcopum
912 2572 937 2620 in
946 2586 1092 2635 unaquaque
1101 2571 1191 2634 synodo
1201 2585 1331 2636 supremam

272 2649 427 2699 confirmandi
437 2655 580 2714 potestatem
592 2649 689 2712 habere,
700 2651 803 2701 Nicaeae
817 2651 902 2715 spnodi
916 2651 975 2700 salso
991 2667 1043 2702 esse
1059 2651 1203 2701 declarasset
1217 2655 1251 2713 (v.
1261 2650 1333 2701 Photii

271 2729 489 2795 interrogationes
507 2731 601 2794 decem,
620 2719 702 2780 interr.
714 2733 736 2792 1,
754 2731 847 2794 migne,
863 2732 891 2780 P.
909 2731 951 2792 G.,
966 2737 987 2780 t.
1003 2732 1069 2792 clv,
1085 2746 1109 2796 p.
1128 2733 1242 2794 l220-l);
1260 2745 1333 2795 quaa·

273 2825 345 2873 quam
367 2810 398 2861 de
418 2811 498 2861 Felice
519 2824 581 2876 papa
601 2813 650 2873 lli,
676 2811 696 2859 si
718 2811 756 2860 eoi
777 2811 876 2861 libuerit
897 2811 1015 2872 dubitare,
1032 2813 1088 2878 jure
1110 2811 1167 2861 licet
1175 2825 1185 2873 3
1212 2827 1269 2860 nam
1292 2810 1333 2859 ille

272 2891 358 2941 littere
373 2891 404 2942 de
421 2892 509 2956 quibus
525 2892 564 2941 hic
577 2892 630 2953 agit
642 2891 750 2953 Phallas,
768 2905 876 2956 quasque
893 2892 1090 2942 commemorarit
1107 2891 1227 2952 Euagrius
1241 2891 1266 2940 iu
1278 2890 1333 2940 libro

273 2973 307 3021 lV
321 2972 440 3021 Historia
454 2971 627 3022 ecclesiasticae
642 2971 745 3035 illigas,
756 2973 786 3021 P.
804 2972 846 3035 G,
861 2977 880 3022 t.
896 2972 1018 3023 LXXXVI
1035 2972 1062 3034 b,
1073 2986 1098 3036 p.
1113 2971 1195 3035 2637),
1207 2974 1260 3035 jam
1276 2985 1335 3020 nune

211 3041 214 3047 ’
272 3051 470 3114 evanuerunt(cl.
479 3051 549 3113 leffe,
557 3053 627 3117 lleq„
638 3067 663 3102 n.
672 3055 726 3116 597,
735 3052 761 3102 id
770 3059 851 3104 maten
863 3052 1055 3102 animadvertens
1064 3051 1191 3102 noumodo
1200 3051 1334 3117 Philippum

274 3127 346 3193 taut,
371 3129 412 3178 scd
430 3132 503 3180 mam
518 3131 697 3182 Ferdinandnrn
722 3131 915 3182 Kaltenbruuner
934 3131 1098 3182 testimonium
1118 3131 1177 3181 illud
1193 3132 1335 3183 Photiauuu

273 3208 391 3272 latuisse.)

304 3293 327 3339 l.
346 3288 483 3354 «capitula
498 3290 588 3340 Nicaei
600 3291 704 3355 concilii,
723 3291 867 3343 testimonio
880 3291 1025 3354 dilacerasti,
1041 3295 1071 3342 lb
1083 3292 1108 3342 in
1124 3291 1229 3354 liguram
1241 3296 1333 3356 septua-

273 3371 340 3433 ginta
352 3369 523 3434 discipulorum
533 3371 622 3436 scripta
635 3387 683 3422 non
705 3372 852 3423 dubitamus.
867 3372 983 3437 Equibus
993 3372 1079 3435 rifi-inti
1087 3378 1182 3422 tantum
1196 3372 1223 3421 in
1232 3371 1336 3422 Ecclesia

272 3457 355 3501 sancta
378 3452 486 3502 Romana
516 3451 644 3511 habentur,
667 3453 709 3503 sed
734 3468 782 3517 quo
809 3451 923 3514 neglectu
941 3451 1035 3516 reliqua
1056 3452 1178 3502 defuerint
1196 3452 1336 3514 ambiguum

272 3538 309 3581 est
322 3551 328 3581 c
343 3531 490 3580 arbitrantur
512 3531 578 3580 anim
600 3531 697 3595 plurimi
720 3549 749 3583 ea
763 3533 911 3584 Antiocheno
924 3533 1013 3584 inserta
1024 3532 1134 3582 coneilio.
1149 3549 1163 3580 a
1184 3532 1304 3598 Stephani
1317 3532 1337 3580 v

272 3611 391 3677 Epistola
404 3611 441 3661 cd
452 3609 614 3661 liutbertum
622 3612 739 3676 Maponi.
757 3614 833 3677 episc.
855 3613 957 3676 (illisne,
976 3618 996 3661 t.
1007 3612 1115 3672 CXXlX,
1130 3625 1170 3676 ep.
1181 3613 1206 3671 l,
1217 3626 1243 3675 p.
1253 3614 1337 3673 ‘llll-83

273 3692 341 3755 taut,
366 3707 392 3741 n.
409 3693 486 3755 34435
507 3691 716 3757 Neuesslrelaio,
741 3697 759 3742 t.
783 3694 816 3755 V,
835 3709 859 3758 p.
885 3695 940 3754 toa,
958 3707 982 3743 n.
999 3693 1049 3755 et).
1069 3693 1120 3742 Hoc
1140 3697 1222 3741 autern
1246 3691 1337 3742 «toa-

273 3773 381 3823 monium
395 3771 519 3824 Athanasii
532 3789 544 3817 c
562 3772 587 3820 in
600 3785 648 3835 quo
660 3771 797 3836 Stephanus
812 3775 832 3823 V
848 3774 927 3824 seaiti
938 3773 1069 3837 profitetur,
1078 3771 1211 3822 nihilaliud
1221 3777 1336 3836 astquau

272 3853 373 3916 epistola
388 3854 443 3903 ficto
454 3851 578 3903 Athanasii
592 3851 687 3901 nomine
702 3853 924 3904 aPsaudolsidoro
940 3853 1081 3917 composita,
1099 3853 1123 3901 in
1135 3867 1184 3916 qua
1198 3867 1283 3902 revera
1293 3851 1336 3900 hec

273 3940 330 3983 sunt
347 3953 353 3984 a
371 3934 483 3984 «Visum
505 3933 620 3984 trecentis
643 3933 727 3982 dacem
748 3938 773 3982 et
793 3937 847 3983 octo
860 3933 970 3999 patribus
992 3934 1017 3982 iu
1035 3932 1147 3998 predicto
1161 3938 1244 3982 saucto
1258 3932 1337 3996 spiritu

274 4012 373 4075 repletis
384 4014 484 4064 concilio
498 4012 651 4077 congregatis
659 4017 685 4062 et
695 4012 858 4075 marimejam
867 4014 931 4064 dicto
943 4012 1078 4064 Alexandro
1092 4019 1118 4062 et
1130 4011 1268 4077 apostolicae
1279 4010 1337 4060 aedis

275 4093 439 4154 apocrisiariis,
453 4099 508 4144 ut...
520 4095 549 4144 ad
560 4096 663 4145 sormam
679 4095 743 4144 LXX
760 4092 930 4155 discipulorum
943 4093 981 4143 rel
997 4093 1071 4143 totius
1088 4093 1151 4142 orbis
1165 4092 1335 4154 torrelingoa·

275 4186 339 4232 rum,
354 4173 419 4226 LXX
433 4176 492 4222 tanti
511 4182 537 4224 ol
556 4182 606 4225 tam
621 4174 760 4226 excellentis
771 4173 864 4223 concilii
883 4175 968 4224 fierent
983 4173 1097 4238 capitula.
1111 4190 1127 4221 ra
1149 4173 1334 4224 Pseudo-Atha-

275 4251 343 4300 ncsii
352 4252 387 4302 ad
403 4253 519 4304 Marcam
530 4271 628 4322 papam
641 4255 748 4323 epistola
763 4253 911 4320 (lliuschius,
926 4270 950 4319 p.
969 4257 1033 4319 452).
