3006 5050
249 370 292 450 ιιι
333 396 537 451 anrsrnsu
559 394 748 446 succurunt
769 393 816 445 ux
838 391 1040 444 uersroms
1061 391 1220 444 nicetas
1242 393 1253 442 1

250 542 361 613 Galliae
374 542 415 610 de
426 540 574 610 Rothado
587 538 783 608 sententiam
798 536 883 606 ferre
898 546 955 604 aut
973 557 1085 624 pesnas
1099 556 1228 605 sumerc
1247 557 1318 604 non

248 658 405 746 licuisset,
418 657 505 745 quod
517 656 569 724 bic
584 655 753 744 episcopus
768 653 809 722 ad
824 652 935 721 sedem
945 653 1152 740 apostolicam
1164 673 1318 739 provoca-

248 773 381 862 verat¹;
409 793 598 860 quanquam
626 791 664 838 ex
692 769 771 856 ipsis
794 768 931 836 decretis
955 766 1156 836 Sardicensis
1172 766 1317 854 concilii,

249 892 283 957 in
299 910 364 976 quo
378 889 456 956 illud
469 887 525 976 jus
540 887 763 976 appellationis
790 895 859 953 erat
884 895 1055 971 statutum,
1073 884 1113 951 ad
1126 884 1317 952 Romanum

250 1003 436 1092 pontificem
460 1025 524 1072 non
548 1011 624 1071 ante
649 1002 769 1070 dictam
789 1001 831 1069 ab
853 1000 1011 1089 episcopis
1032 998 1242 1086 senteutiam,
1258 996 1318 1066 ssd

250 1129 321 1207 post
341 1138 473 1187 causam
501 1116 541 1187 ab
570 1116 694 1185 eisdem
714 1115 971 1204 praejudicatam,
999 1114 1228 1203 appellandum
1244 1133 1316 1182 esse

248 1231 447 1303 constaret².

294 1349 371 1418 Haeo
383 1358 491 1416 autem
505 1357 577 1414 tum
588 1344 752 1415 scribebat
762 1344 958 1413 Anastasius
972 1365 1048 1413 cum
1061 1345 1209 1412 nondum
1224 1343 1318 1411 audi-

250 1474 339 1535 serat
352 1463 552 1549 Rothadum,
567 1463 687 1530 omissa
702 1461 929 1550 appellatione,
950 1460 1174 1547 episcoporum
1190 1458 1316 1548 judicio

251 1599 285 1648 sc
297 1577 495 1668 permisisse.
512 1576 606 1657 Quod
622 1585 658 1644 ut
668 1597 705 1644 cr
720 1575 876 1643 relatione
894 1575 1009 1663 synodi
1030 1572 1245 1644 Suessionicae
1260 1595 1318 1642 ac-

250 1692 369 1782 cepit³,
386 1692 558 1762 necessitas
582 1691 612 1760 ci
635 1691 882 1760 demonstrandi
902 1690 967 1757 suit
988 1691 1076 1777 leges
1095 1690 1137 1757 ab
1159 1689 1317 1777 episcopis

253 1809 363 1880 Gallie
372 1809 501 1878 violatas
512 1828 593 1896 esse,
608 1807 735 1876 etiamsi
747 1807 916 1875 Rothadus
930 1806 1117 1874 Romanum
1130 1807 1321 1895 pontificem

252 1926 336 1994 nihil
359 1924 558 2015 appellasset.
578 1919 658 2003 Quae
681 1943 759 1990 sanc
776 1921 1008 1990 demonstratio
1029 1942 1095 1990 non
1117 1923 1223 1990 solum
1249 1930 1323 1989 erat

252 2041 425 2129 difficilior,
463 2039 519 2108 scd
547 2039 577 2108 ci
612 2037 710 2106 etiam
741 2037 847 2124 magis
877 2037 1107 2106 adversabatur
1141 2035 1321 2106 concilium

253 2155 458 2242 sardicense,
478 2154 514 2220 in
536 2174 602 2241 quo
624 2173 659 2220 re
682 2171 757 2220 vera
771 2151 1018 2239 precipiebatur
1038 2160 1087 2239 ut,
1104 2151 1131 2220 si
1154 2152 1227 2238 quis
1242 2171 1322 2220 reus

253 2274 421 2359 episcopus
435 2281 566 2337 oausam
578 2267 642 2337 sibi
654 2288 725 2337 csse
736 2267 856 2334 bonam
867 2267 1078 2354 existimaret,
1092 2267 1321 2335 consuleretur

253 2383 394 2472 pontifex
417 2382 599 2470 Romanus,
629 2392 662 2451 at
687 2403 725 2452 ex
749 2365 935 2470 quostiam
961 2381 1099 2469 intelligi
1120 2390 1246 2470 poterat
1272 2381 1322 2450 ita

254 2498 418 2586 agendum
440 2517 510 2566 esse
528 2519 605 2566 cum
625 2498 774 2587 episcopo
789 2496 860 2585 jem
872 2496 1018 2584 judicato
1033 2517 1070 2565 ac
1087 2493 1319 2565 reclamasset

298 2612 344 2679 At
365 2610 445 2700 quid
468 2631 535 2678 non
551 2611 652 2699 possit
672 2609 784 2700 juncta
798 2631 873 2678 cum
887 2610 1058 2678 calliditate
1073 2609 1208 2677 audacia
1220 2609 1238 2678 ‘l
1249 2609 1322 2677 Hoc

285 2819 307 2866 l.
325 2814 358 2866 V.
372 2813 473 2865 Nicoloi
494 2813 531 2864 cd
546 2813 711 2864 sicanorum
729 2812 803 2877 epist.
821 2811 924 2878 (bligns,
943 2811 1016 2878 epist.
1030 2813 1070 2876 at,
1085 2827 1110 2878 p.
1127 2815 1182 2876 825,
1197 2819 1224 2864 et
1237 2827 1323 2878 supra,

255 2910 279 2960 p.
295 2896 349 2957 ll2,
364 2908 389 2944 n.
402 2895 439 2962 t).

280 2976 309 3023 2.
327 2974 358 3024 V.
377 2973 479 3024 Sardio.
492 2987 576 3038 aoso,
590 2987 613 3023 c.
626 2984 663 3034 tv,
676 2977 702 3022 et
712 2986 794 3036 sopra,
806 2986 830 3037 p.
845 2973 900 3036 tlt,
913 2987 940 3022 u.
954 2975 977 3023 3.

285 3055 308 3102 ³.
327 3054 456 3116 Postquam
481 3053 603 3104 Rothadus
621 3054 722 3102 llomam
743 3053 858 3116 venisset,
875 3052 1016 3102 Anastasius
1043 3055 1156 3102 audacter
1175 3051 1323 3102 asseveravit

210 3131 212 3136 '
255 3132 378 3196 episcopos
391 3131 473 3196 synodi
488 3132 644 3183 Suessionics
664 3132 688 3181 id
710 3131 824 3183 mentitos
840 3131 923 3182 luisse.
943 3132 983 3182 Sic
996 3132 1062 3182 euim
1075 3131 1166 3183 Nicolai
1179 3133 1277 3182 nomine
1290 3131 1321 3182 ad

256 3212 412 3262 lliucmarum
425 3211 520 3276 scripsit
531 3226 554 3261 a.
568 3215 613 3263 865
625 3212 723 3262 ineunte
736 3226 742 3262 a
755 3212 915 3276 «Pr-asperare
925 3212 1119 3262 machinamenta
1133 3212 1233 3262 minime
1246 3212 1323 3262 reior-

255 3289 382 3341 midasti...
392 3291 541 3340 occasionem
550 3306 647 3341 sumens
656 3291 686 3341 de
695 3291 799 3357 quadam
809 3291 918 3356 epistola,
928 3297 1043 3357 tauquam
1053 3292 1185 3356 Rothadus,
1194 3298 1322 3358 postquam

255 3372 285 3421 ad
300 3376 406 3420 nostrum
420 3369 581 3435 appellaverat
590 3371 718 3435 judicium,
740 3385 822 3422 rursus
835 3371 866 3421 ad
881 3379 986 3421 restrum
999 3378 1158 3423 mutaturoce
1172 3377 1323 3438 pmvocassst

255 3466 365 3510 examen,
380 3451 448 3517 quod
462 3451 570 3501 omnino
585 3451 682 3515 falsum
697 3455 742 3502 eet.
755 3468 769 3499 r
784 3451 876 3501 Nicolai
893 3451 976 3516 Epsbt.
991 3453 1027 3502 ad
1037 3454 1205 3504 Hisamorum
1218 3452 1321 3518 (ttigne,

290 3532 377 3590 CXIX,
391 3545 431 3596 ep.
446 3532 484 3595 ll,
500 3546 525 3595 p.
539 3531 602 3595 ast).
617 3533 650 3580 dt
659 3530 689 3581 de
701 3531 785 3582 eadem
798 3546 824 3581 re
837 3532 887 3581 bac
899 3537 969 3582 autea
980 3533 1126 3598 scripserat:
1143 3551 1156 3580 s
1172 3532 1219 3586 Sed
1231 3533 1322 3595 dicitis,

259 3616 313 3676 post
328 3610 509 3675 appellationem
522 3609 656 3675 apostolica
669 3609 732 3659 sedis
745 3611 814 3661 illum
829 3610 983 3676 (Rothadum)
997 3627 1081 3663 vocem
1094 3620 1211 3676 mutasse,
1228 3619 1253 3664 et
1267 3613 1321 3678 api·

258 3705 382 3756 scaporum
390 3689 517 3741 concilium
525 3690 652 3754 expetisse.
664 3689 756 3748 Quibus
764 3705 820 3740 cnm
827 3705 886 3754 pace
893 3696 972 3742 restra
980 3693 1091 3754 latemur,
1102 3694 1220 3759 quamvis
1230 3693 1323 3743 verbis

257 3769 438 3822 coactionibus
450 3769 529 3835 fidem
541 3769 716 3832 adhibeamus,
735 3775 760 3819 ct
775 3770 810 3818 ita
826 3770 911 3820 secisse
925 3771 1003 3836 illum,
1019 3773 1133 3839 quoniam
1147 3789 1193 3824 nou
1208 3771 1322 3838 estquod

259 3849 333 3915 possit
344 3865 393 3900 noo
401 3849 464 3901 credi
477 3849 644 3911 sanctimonio,
657 3850 782 3898 vmociler
798 3852 958 3903 teneamur...
971 3871 984 3896 ιι
999 3853 1091 3904 Nicolei
1102 3854 1187 3920 Epist.
1198 3851 1235 3904 cd
1244 3853 1320 3918 episc

255 3943 313 3994 eun.
326 3930 411 3981 Saccas.
426 3931 529 3996 (Migne,
543 3946 582 3997 ep.
598 3932 638 3989 35,
653 3944 677 3995 p.
688 3928 755 3993 83⁰).

290 4010 314 4059 t.
333 4027 345 4056 s
357 4011 424 4070 Quod
439 4012 458 4061 si
472 4012 559 4078 aliquis
572 4011 737 4077 episcoporum
750 4008 885 4074 judicatus
901 4011 973 4062 luerit
987 4013 1011 4062 in
1026 4013 1106 4078 aliqua
1119 4029 1199 4079 causa,
1212 4016 1236 4064 et
1244 4015 1321 4080 palat

257 4101 284 4136 se
293 4086 390 4138 bonum
408 4088 512 4142 cossam
526 4091 624 4144 bobme.
640 4092 670 4140 ut
684 4089 777 4139 iterum
796 4089 929 4142 concilium
947 4098 1083 4145 renovetur·
1095 4109 1105 4145 .·
1117 4095 1137 4145 si
1153 4095 1222 4145 robis
1235 4093 1322 4160 placet,

257 4165 334 4215 sancti
350 4167 413 4218 Petri
426 4171 524 4235 apostoli
538 4171 678 4223 memoriam
691 4169 842 4232 honoramus,
863 4177 890 4220 ut
902 4173 1021 4224 scribetur
1039 4175 1070 4224 ab
1094 4174 1141 4237 bis,
1163 4175 1205 4240 qui
1225 4185 1321 4224 causam

258 4245 433 4312 examinarunt,
448 4250 513 4301 lulio
526 4253 632 4303 llomsuo
646 4250 767 4316 episcopo,
781 4254 806 4299 et
818 4249 838 4299 ai
852 4250 998 4313 judicaverit
1011 4255 1174 4308 renovandum
1193 4270 1243 4308 esse
1254 4251 1320 4318 judi-
