<?xml version="1.0" encoding="UTF-8"?>
<!DOCTYPE html PUBLIC "-//W3C//DTD XHTML 1.0 Transitional//EN"
    "http://www.w3.org/TR/xhtml1/DTD/xhtml1-transitional.dtd">
<html xmlns="http://www.w3.org/1999/xhtml" xml:lang="en" lang="en">
 <head>
  <title>
</title>
<meta http-equiv="Content-Type" content="text/html;charset=utf-8" />
  <meta name='ocr-system' content='tesseract 3.04.00' />
  <meta name='ocr-capabilities' content='ocr_page ocr_carea ocr_par ocr_line ocrx_word'/>
</head>
<body>
  <div class='ocr_page' id='page_1' title='image "./deanastasiobibl00lapgoog_0162.png"; bbox 0 0 3006 5050; ppageno 0'>
   <div class='ocr_carea' id='block_1_1' title="bbox 514 389 1257 448">
    <p class='ocr_par' dir='ltr' id='par_1_1' title="bbox 514 389 1257 448">
     <span class='ocr_line' id='line_1_1' title="bbox 514 389 1257 448; baseline 0.007 -6"><span class='ocrx_word' id='word_1_1' title='bbox 514 390 674 446; x_wconf 80' lang='lat' dir='ltr'><strong><em>PLENiUS</em></strong></span> <span class='ocrx_word' id='word_1_2' title='bbox 694 393 937 446; x_wconf 78' lang='lat' dir='ltr'><strong><em>ostanutrun</em></strong></span> <span class='ocrx_word' id='word_1_3' title='bbox 1212 389 1257 448; x_wconf 82' lang='grc'><strong><em>448</em></strong></span> 
     </span>
    </p>
   </div>
   <div class='ocr_carea' id='block_1_2' title="bbox 186 533 1340 2352">
    <p class='ocr_par' dir='ltr' id='par_1_2' title="bbox 187 533 1255 1316">
     <span class='ocr_line' id='line_1_2' title="bbox 190 533 1252 626; baseline 0.006 -24"><span class='ocrx_word' id='word_1_4' title='bbox 190 534 458 604; x_wconf 84' lang='lat' dir='ltr'><strong><em>beatissimorum</em></strong></span> <span class='ocrx_word' id='word_1_5' title='bbox 471 533 561 604; x_wconf 90' lang='lat' dir='ltr'><strong><em>Petri</em></strong></span> <span class='ocrx_word' id='word_1_6' title='bbox 575 556 615 604; x_wconf 88' lang='lat' dir='ltr'><strong><em>ac</em></strong></span> <span class='ocrx_word' id='word_1_7' title='bbox 627 535 718 605; x_wconf 91' lang='lat' dir='ltr'><strong><em>Pauli</em></strong></span> <span class='ocrx_word' id='word_1_8' title='bbox 735 536 920 625; x_wconf 80' lang='lat' dir='ltr'><strong>principum</strong></span> <span class='ocrx_word' id='word_1_9' title='bbox 937 537 1170 626; x_wconf 86' lang='lat' dir='ltr'><strong><em>apostolorum,</em></strong></span> <span class='ocrx_word' id='word_1_10' title='bbox 1193 557 1252 608; x_wconf 82' lang='lat' dir='ltr'><strong><em>seu</em></strong></span> 
     </span>
     <span class='ocr_line' id='line_1_3' title="bbox 191 650 1255 739; baseline 0.003 -22"><span class='ocrx_word' id='word_1_11' title='bbox 191 650 343 718; x_wconf 93' lang='lat' dir='ltr'><strong><em>omnium</em></strong></span> <span class='ocrx_word' id='word_1_12' title='bbox 382 651 590 720; x_wconf 87' lang='lat' dir='ltr'><strong><em>decessorum</em></strong></span> <span class='ocrx_word' id='word_1_13' title='bbox 624 672 787 739; x_wconf 89' lang='lat' dir='ltr'><strong><em>meorum,</em></strong></span> <span class='ocrx_word' id='word_1_14' title='bbox 815 673 874 720; x_wconf 84' lang='lat' dir='ltr'><strong><em>nec</em></strong></span> <span class='ocrx_word' id='word_1_15' title='bbox 900 673 968 719; x_wconf 82' lang='lat' dir='ltr'><strong><em>non</em></strong></span> <span class='ocrx_word' id='word_1_16' title='bbox 1003 663 1034 720; x_wconf 89' lang='lat' dir='ltr'><strong><em>ct</em></strong></span> <span class='ocrx_word' id='word_1_17' title='bbox 1061 663 1255 720; x_wconf 69' lang='lat' dir='ltr'><strong><em>sanctorum</em></strong></span> 
     </span>
     <span class='ocr_line' id='line_1_4' title="bbox 189 764 1255 858; baseline 0.006 -27"><span class='ocrx_word' id='word_1_18' title='bbox 189 777 409 834; x_wconf 72' lang='lat' dir='ltr'><strong><em>trecentorum</em></strong></span> <span class='ocrx_word' id='word_1_19' title='bbox 423 764 530 834; x_wconf 85' lang='lat' dir='ltr'><strong><em>decem</em></strong></span> <span class='ocrx_word' id='word_1_20' title='bbox 551 777 583 834; x_wconf 94' lang='lat' dir='ltr'><strong><em>et</em></strong></span> <span class='ocrx_word' id='word_1_21' title='bbox 594 778 662 834; x_wconf 87' lang='lat' dir='ltr'><strong><em>octo</em></strong></span> <span class='ocrx_word' id='word_1_22' title='bbox 675 769 817 835; x_wconf 83' lang='lat' dir='ltr'><strong><em>Petram</em></strong></span> <span class='ocrx_word' id='word_1_23' title='bbox 835 766 895 857; x_wconf 86' lang='lat' dir='ltr'><strong><em>qui</em></strong></span> <span class='ocrx_word' id='word_1_24' title='bbox 911 764 1006 858; x_wconf 83' lang='lat' dir='ltr'><strong><em>apud</em></strong></span> <span class='ocrx_word' id='word_1_25' title='bbox 1021 765 1171 838; x_wconf 72' lang='lat' dir='ltr'><strong><em>Nicaeam</em></strong></span> <span class='ocrx_word' id='word_1_26' title='bbox 1193 766 1255 836; x_wconf 83' lang='lat' dir='ltr'><strong><em>sud</em></strong></span> 
     </span>
     <span class='ocr_line' id='line_1_5' title="bbox 191 880 1254 973; baseline 0.002 -23"><span class='ocrx_word' id='word_1_27' title='bbox 191 880 479 972; x_wconf 58' lang='lat' dir='ltr'><strong><em>Constantinam</em></strong></span> <span class='ocrx_word' id='word_1_28' title='bbox 490 881 641 972; x_wconf 81' lang='lat' dir='ltr'><em>principe</em></span> <span class='ocrx_word' id='word_1_29' title='bbox 659 894 890 971; x_wconf 73' lang='lat' dir='ltr'><strong><em>convenerant,</em></strong></span> <span class='ocrx_word' id='word_1_30' title='bbox 907 882 1042 973; x_wconf 80' lang='lat' dir='ltr'><strong><em>penitus</em></strong></span> <span class='ocrx_word' id='word_1_31' title='bbox 1057 894 1254 952; x_wconf 75' lang='lat' dir='ltr'><strong><em>evacuantes</em></strong></span> 
     </span>
     <span class='ocr_line' id='line_1_6' title="bbox 189 993 1252 1087; baseline 0.002 -23"><span class='ocrx_word' id='word_1_32' title='bbox 189 1007 222 1064; x_wconf 90' lang='lat' dir='ltr'><strong><em>ct</em></strong></span> <span class='ocrx_word' id='word_1_33' title='bbox 251 996 287 1063; x_wconf 84' lang='lat' dir='ltr'><strong><em>in</em></strong></span> <span class='ocrx_word' id='word_1_34' title='bbox 313 995 447 1063; x_wconf 83' lang='lat' dir='ltr'><strong><em>irritum</em></strong></span> <span class='ocrx_word' id='word_1_35' title='bbox 477 993 642 1075; x_wconf 79' lang='lat' dir='ltr'><strong><em>ducentes,</em></strong></span> <span class='ocrx_word' id='word_1_36' title='bbox 672 998 861 1087; x_wconf 73' lang='lat' dir='ltr'><strong><em>praefatum</em></strong></span> <span class='ocrx_word' id='word_1_37' title='bbox 888 993 1078 1066; x_wconf 82' lang='lat' dir='ltr'><strong><em>Rotlrcdum</em></strong></span> <span class='ocrx_word' id='word_1_38' title='bbox 1106 997 1252 1087; x_wconf 83' lang='lat' dir='ltr'><strong><em>pristino</em></strong></span> 
     </span>
     <span class='ocr_line' id='line_1_7' title="bbox 187 1108 1252 1203; baseline 0.004 -25"><span class='ocrx_word' id='word_1_39' title='bbox 187 1110 324 1202; x_wconf 77' lang='lat' dir='ltr'><strong><em>predari,</em></strong></span> <span class='ocrx_word' id='word_1_40' title='bbox 362 1111 513 1202; x_wconf 83' lang='lat' dir='ltr'><strong><em>pristinae</em></strong></span> <span class='ocrx_word' id='word_1_41' title='bbox 546 1109 717 1202; x_wconf 73' lang='lat' dir='ltr'><strong><em>diqnitcti,</em></strong></span> <span class='ocrx_word' id='word_1_42' title='bbox 742 1111 884 1202; x_wconf 84' lang='lat' dir='ltr'><strong><em>pristino</em></strong></span> <span class='ocrx_word' id='word_1_43' title='bbox 911 1108 1090 1184; x_wconf 76' lang='lat' dir='ltr'><strong><em>reddidisse</em></strong></span> <span class='ocrx_word' id='word_1_44' title='bbox 1111 1135 1252 1203; x_wconf 81' lang='lat' dir='ltr'><strong><em>prorsus</em></strong></span> 
     </span>
     <span class='ocr_line' id='line_1_8' title="bbox 189 1226 1041 1316; baseline 0 -23"><span class='ocrx_word' id='word_1_45' title='bbox 189 1226 312 1294; x_wconf 75' lang='lat' dir='ltr'><strong><em>honori</em></strong></span> <span class='ocrx_word' id='word_1_46' title='bbox 323 1228 345 1294; x_wconf 88' lang='lat'><strong><em>¹.</em></strong></span> <span class='ocrx_word' id='word_1_47' title='bbox 360 1250 377 1292; x_wconf 96' lang='grc' dir='ltr'><strong><em>ιι</em></strong></span> <span class='ocrx_word' id='word_1_48' title='bbox 797 1311 799 1316; x_wconf 16' lang='grc' dir='ltr'><strong><em>Δ</em></strong></span> <span class='ocrx_word' id='word_1_49' title='bbox 1037 1245 1041 1256; x_wconf 88' lang='grc'><em>·</em></span> 
     </span>
    </p>

    <p class='ocr_par' dir='ltr' id='par_1_3' title="bbox 186 1341 1340 2352">
     <span class='ocr_line' id='line_1_9' title="bbox 232 1341 1253 1434; baseline 0.002 -24"><span class='ocrx_word' id='word_1_50' title='bbox 232 1343 292 1410; x_wconf 84' lang='lat' dir='ltr'><strong><em>list</em></strong></span> <span class='ocrx_word' id='word_1_51' title='bbox 302 1343 359 1428; x_wconf 88' lang='lat' dir='ltr'><strong><em>qui</em></strong></span> <span class='ocrx_word' id='word_1_52' title='bbox 370 1342 531 1411; x_wconf 83' lang='lat' dir='ltr'><strong><em>existimet</em></strong></span> <span class='ocrx_word' id='word_1_53' title='bbox 542 1363 607 1410; x_wconf 92' lang='lat' dir='ltr'><strong><em>non</em></strong></span> <span class='ocrx_word' id='word_1_54' title='bbox 623 1362 693 1411; x_wconf 91' lang='lat' dir='ltr'><strong><em>esse</em></strong></span> <span class='ocrx_word' id='word_1_55' title='bbox 702 1342 768 1413; x_wconf 90' lang='lat' dir='ltr'><strong><em>veri</em></strong></span> <span class='ocrx_word' id='word_1_56' title='bbox 782 1342 889 1411; x_wconf 91' lang='lat' dir='ltr'><strong><em>simile</em></strong></span> <span class='ocrx_word' id='word_1_57' title='bbox 898 1341 1068 1412; x_wconf 77' lang='lat' dir='ltr'>Nicolaum</span> <span class='ocrx_word' id='word_1_58' title='bbox 1080 1341 1253 1434; x_wconf 81' lang='lat' dir='ltr'><strong><em>(addamus</em></strong></span> 
     </span>
     <span class='ocr_line' id='line_1_10' title="bbox 188 1455 1254 1547; baseline 0.004 -23"><span class='ocrx_word' id='word_1_59' title='bbox 188 1463 249 1526; x_wconf 89' lang='lat' dir='ltr'><strong><em>nos</em></strong></span> <span class='ocrx_word' id='word_1_60' title='bbox 261 1458 497 1545; x_wconf 81' lang='lat' dir='ltr'><strong><em>Anastasium),</em></strong></span> <span class='ocrx_word' id='word_1_61' title='bbox 517 1477 594 1526; x_wconf 90' lang='lat' dir='ltr'><strong><em>cum</em></strong></span> <span class='ocrx_word' id='word_1_62' title='bbox 610 1457 749 1527; x_wconf 80' lang='lat' dir='ltr'><strong><em>Nicanae</em></strong></span> <span class='ocrx_word' id='word_1_63' title='bbox 764 1455 879 1545; x_wconf 84' lang='lat' dir='ltr'><strong><em>synodi</em></strong></span> <span class='ocrx_word' id='word_1_64' title='bbox 893 1478 965 1527; x_wconf 86' lang='lat' dir='ltr'><strong><em>vere</em></strong></span> <span class='ocrx_word' id='word_1_65' title='bbox 982 1460 1111 1528; x_wconf 89' lang='lat' dir='ltr'><strong><em>decreta</em></strong></span> <span class='ocrx_word' id='word_1_66' title='bbox 1126 1470 1254 1547; x_wconf 89' lang='lat' dir='ltr'><strong><em>tempo-</em></strong></span> 
     </span>
     <span class='ocr_line' id='line_1_11' title="bbox 188 1572 1253 1661; baseline 0.003 -21"><span class='ocrx_word' id='word_1_67' title='bbox 188 1572 282 1641; x_wconf 85' lang='lat' dir='ltr'><strong>ribus</strong></span> <span class='ocrx_word' id='word_1_68' title='bbox 296 1572 358 1640; x_wconf 89' lang='lat' dir='ltr'><strong><em>iiiis</em></strong></span> <span class='ocrx_word' id='word_1_69' title='bbox 368 1573 522 1641; x_wconf 89' lang='lat' dir='ltr'><strong><em>omnibus</em></strong></span> <span class='ocrx_word' id='word_1_70' title='bbox 535 1582 643 1641; x_wconf 89' lang='lat' dir='ltr'><strong><em>essent</em></strong></span> <span class='ocrx_word' id='word_1_71' title='bbox 653 1573 834 1661; x_wconf 89' lang='lat' dir='ltr'><strong><em>notissima,</em></strong></span> <span class='ocrx_word' id='word_1_72' title='bbox 846 1581 903 1641; x_wconf 93' lang='lat' dir='ltr'><strong><em>aut</em></strong></span> <span class='ocrx_word' id='word_1_73' title='bbox 916 1573 1024 1661; x_wconf 89' lang='lat' dir='ltr'><strong><em>ipsum</em></strong></span> <span class='ocrx_word' id='word_1_74' title='bbox 1036 1573 1071 1640; x_wconf 92' lang='lat' dir='ltr'><strong><em>in</em></strong></span> <span class='ocrx_word' id='word_1_75' title='bbox 1084 1595 1120 1642; x_wconf 89' lang='lat' dir='ltr'><strong><em>ea</em></strong></span> <span class='ocrx_word' id='word_1_76' title='bbox 1136 1595 1171 1643; x_wconf 95' lang='lat' dir='ltr'><strong><em>re</em></strong></span> <span class='ocrx_word' id='word_1_77' title='bbox 1182 1595 1253 1644; x_wconf 89' lang='lat' dir='ltr'><strong><em>esse</em></strong></span> 
     </span>
     <span class='ocr_line' id='line_1_12' title="bbox 186 1687 1340 1777; baseline 0.003 -23"><span class='ocrx_word' id='word_1_78' title='bbox 186 1687 373 1776; x_wconf 86' lang='lat' dir='ltr'><strong><em>deceptum,</em></strong></span> <span class='ocrx_word' id='word_1_79' title='bbox 390 1697 447 1756; x_wconf 90' lang='lat' dir='ltr'><strong><em>aut</em></strong></span> <span class='ocrx_word' id='word_1_80' title='bbox 462 1697 560 1757; x_wconf 81' lang='lat' dir='ltr'><strong><em>tanta</em></strong></span> <span class='ocrx_word' id='word_1_81' title='bbox 575 1689 717 1757; x_wconf 85' lang='lat' dir='ltr'><strong><em>audaciae</em></strong></span> <span class='ocrx_word' id='word_1_82' title='bbox 730 1687 830 1758; x_wconf 89' lang='lat' dir='ltr'><strong><em>inisse</em></strong></span> <span class='ocrx_word' id='word_1_83' title='bbox 844 1699 881 1756; x_wconf 90' lang='lat' dir='ltr'><strong><em>ut</em></strong></span> <span class='ocrx_word' id='word_1_84' title='bbox 892 1689 971 1756; x_wconf 92' lang='lat' dir='ltr'><strong><em>aiios</em></strong></span> <span class='ocrx_word' id='word_1_85' title='bbox 987 1689 1153 1777; x_wconf 90' lang='lat' dir='ltr'><strong><em>episcopos</em></strong></span> <span class='ocrx_word' id='word_1_86' title='bbox 1166 1691 1253 1759; x_wconf 89' lang='lat' dir='ltr'><strong><em>deci·</em></strong></span> <span class='ocrx_word' id='word_1_87' title='bbox 1338 1703 1340 1708; x_wconf 83' lang='lat'>&#39;</span> 
     </span>
     <span class='ocr_line' id='line_1_13' title="bbox 187 1802 1252 1893; baseline 0.004 -24"><span class='ocrx_word' id='word_1_88' title='bbox 187 1802 324 1890; x_wconf 83' lang='lat' dir='ltr'><strong><em>piandos</em></strong></span> <span class='ocrx_word' id='word_1_89' title='bbox 338 1805 501 1893; x_wconf 81' lang='lat' dir='ltr'><strong><em>putarct²;</em></strong></span> <span class='ocrx_word' id='word_1_90' title='bbox 518 1814 551 1872; x_wconf 89' lang='lat' dir='ltr'><strong><em>at</em></strong></span> <span class='ocrx_word' id='word_1_91' title='bbox 562 1805 650 1873; x_wconf 92' lang='lat' dir='ltr'><strong><em>hunc</em></strong></span> <span class='ocrx_word' id='word_1_92' title='bbox 664 1803 748 1892; x_wconf 85' lang='lat' dir='ltr'><strong><em>iugit</em></strong></span> <span class='ocrx_word' id='word_1_93' title='bbox 760 1825 858 1892; x_wconf 89' lang='lat' dir='ltr'><strong><em>quam</em></strong></span> <span class='ocrx_word' id='word_1_94' title='bbox 872 1802 964 1872; x_wconf 90' lang='lat' dir='ltr'><strong><em>facile</em></strong></span> <span class='ocrx_word' id='word_1_95' title='bbox 978 1804 1066 1872; x_wconf 89' lang='lat' dir='ltr'><strong><em>iliius</em></strong></span> <span class='ocrx_word' id='word_1_96' title='bbox 1077 1806 1180 1873; x_wconf 77' lang='lat' dir='ltr'><strong><em>etatis</em></strong></span> <span class='ocrx_word' id='word_1_97' title='bbox 1192 1805 1252 1873; x_wconf 82' lang='lat' dir='ltr'><strong><em>viri</em></strong></span> 
     </span>
     <span class='ocr_line' id='line_1_14' title="bbox 187 1916 1252 2006; baseline 0.003 -23"><span class='ocrx_word' id='word_1_98' title='bbox 187 1916 369 1986; x_wconf 83' lang='lat' dir='ltr'><strong><em>deNicaeno</em></strong></span> <span class='ocrx_word' id='word_1_99' title='bbox 381 1919 518 1986; x_wconf 89' lang='lat' dir='ltr'><strong><em>concilio</em></strong></span> <span class='ocrx_word' id='word_1_100' title='bbox 535 1919 725 2006; x_wconf 82' lang='lat' dir='ltr'><strong><em>erraverint,</em></strong></span> <span class='ocrx_word' id='word_1_101' title='bbox 737 1939 836 2006; x_wconf 90' lang='lat' dir='ltr'><strong><em>quam</em></strong></span> <span class='ocrx_word' id='word_1_102' title='bbox 848 1918 1032 1986; x_wconf 91' lang='lat' dir='ltr'><strong><em>communis</em></strong></span> <span class='ocrx_word' id='word_1_103' title='bbox 1043 1927 1139 2006; x_wconf 91' lang='lat' dir='ltr'><strong><em>atque</em></strong></span> <span class='ocrx_word' id='word_1_104' title='bbox 1150 1919 1252 1987; x_wconf 91' lang='lat' dir='ltr'><strong><em>obsti·</em></strong></span> 
     </span>
     <span class='ocr_line' id='line_1_15' title="bbox 188 2033 1251 2122; baseline 0.004 -24"><span class='ocrx_word' id='word_1_105' title='bbox 188 2041 264 2099; x_wconf 92' lang='lat' dir='ltr'><strong><em>nata</em></strong></span> <span class='ocrx_word' id='word_1_106' title='bbox 282 2053 320 2100; x_wconf 90' lang='lat' dir='ltr'><strong><em>ea</em></strong></span> <span class='ocrx_word' id='word_1_107' title='bbox 338 2033 448 2120; x_wconf 94' lang='lat' dir='ltr'><strong><em>opinio</em></strong></span> <span class='ocrx_word' id='word_1_108' title='bbox 467 2035 615 2122; x_wconf 87' lang='lat' dir='ltr'><strong><em>valuerit,</em></strong></span> <span class='ocrx_word' id='word_1_109' title='bbox 630 2055 694 2122; x_wconf 89' lang='lat' dir='ltr'><strong><em>qua</em></strong></span> <span class='ocrx_word' id='word_1_110' title='bbox 715 2035 772 2102; x_wconf 92' lang='lat' dir='ltr'><strong><em>diu</em></strong></span> <span class='ocrx_word' id='word_1_111' title='bbox 792 2033 952 2102; x_wconf 90' lang='lat' dir='ltr'><strong><em>creditum</em></strong></span> <span class='ocrx_word' id='word_1_112' title='bbox 968 2042 1028 2120; x_wconf 81' lang='lat' dir='ltr'><strong><em>est,</em></strong></span> <span class='ocrx_word' id='word_1_113' title='bbox 1044 2043 1161 2122; x_wconf 77' lang='lat' dir='ltr'><strong><em>praeter</em></strong></span> <span class='ocrx_word' id='word_1_114' title='bbox 1180 2034 1251 2102; x_wconf 89' lang='lat' dir='ltr'><strong><em>iilos</em></strong></span> 
     </span>
     <span class='ocr_line' id='line_1_16' title="bbox 187 2147 1251 2237; baseline 0.003 -23"><span class='ocrx_word' id='word_1_115' title='bbox 187 2147 303 2234; x_wconf 85' lang='lat' dir='ltr'><strong><em>viginti</em></strong></span> <span class='ocrx_word' id='word_1_116' title='bbox 317 2167 459 2216; x_wconf 88' lang='lat' dir='ltr'><strong><em>canones</em></strong></span> <span class='ocrx_word' id='word_1_117' title='bbox 473 2148 627 2217; x_wconf 89' lang='lat' dir='ltr'><strong><em>omnibus</em></strong></span> <span class='ocrx_word' id='word_1_118' title='bbox 642 2151 835 2237; x_wconf 74' lang='lat' dir='ltr'><strong>explorator,</strong></span> <span class='ocrx_word' id='word_1_119' title='bbox 848 2148 926 2218; x_wconf 91' lang='lat' dir='ltr'><strong><em>alios</em></strong></span> <span class='ocrx_word' id='word_1_120' title='bbox 940 2147 1038 2216; x_wconf 87' lang='lat' dir='ltr'><strong><em>etiam</em></strong></span> <span class='ocrx_word' id='word_1_121' title='bbox 1051 2169 1116 2216; x_wconf 93' lang='lat' dir='ltr'><strong><em>non</em></strong></span> <span class='ocrx_word' id='word_1_122' title='bbox 1131 2169 1251 2237; x_wconf 90' lang='lat' dir='ltr'><strong><em>paucos</em></strong></span> 
     </span>
     <span class='ocr_line' id='line_1_17' title="bbox 187 2263 1250 2352; baseline 0 -21"><span class='ocrx_word' id='word_1_123' title='bbox 187 2264 346 2333; x_wconf 80' lang='lat' dir='ltr'><strong><em>exstitisse</em></strong></span> <span class='ocrx_word' id='word_1_124' title='bbox 366 2264 445 2331; x_wconf 89' lang='lat' dir='ltr'><strong><em>oiim</em></strong></span> <span class='ocrx_word' id='word_1_125' title='bbox 466 2265 521 2352; x_wconf 89' lang='lat' dir='ltr'><strong><em>qui</em></strong></span> <span class='ocrx_word' id='word_1_126' title='bbox 549 2263 667 2333; x_wconf 90' lang='lat' dir='ltr'><strong><em>deinde</em></strong></span> <span class='ocrx_word' id='word_1_127' title='bbox 686 2265 721 2332; x_wconf 92' lang='lat' dir='ltr'><strong><em>in</em></strong></span> <span class='ocrx_word' id='word_1_128' title='bbox 745 2264 941 2333; x_wconf 84' lang='lat' dir='ltr'><strong><em>oblivionem</em></strong></span> <span class='ocrx_word' id='word_1_129' title='bbox 965 2263 1128 2333; x_wconf 81' lang='lat' dir='ltr'><strong><em>ivissent³.</em></strong></span> <span class='ocrx_word' id='word_1_130' title='bbox 1157 2263 1250 2344; x_wconf 80' lang='lat' dir='ltr'><strong><em>Quod</em></strong></span> 
     </span>
    </p>
   </div>
   <div class='ocr_carea' id='block_1_3' title="bbox 179 2483 1307 4314">
    <p class='ocr_par' dir='ltr' id='par_1_4' title="bbox 181 2483 1307 3194">
     <span class='ocr_line' id='line_1_18' title="bbox 217 2483 1251 2551; baseline 0.001 -18"><span class='ocrx_word' id='word_1_131' title='bbox 217 2488 240 2534; x_wconf 90' lang='lat' dir='ltr'><strong><em>t.</em></strong></span> <span class='ocrx_word' id='word_1_132' title='bbox 258 2483 350 2534; x_wconf 88' lang='lat' dir='ltr'><strong><em>Nicniai</em></strong></span> <span class='ocrx_word' id='word_1_133' title='bbox 364 2485 445 2549; x_wconf 84' lang='lat' dir='ltr'><strong><em>iipist.</em></strong></span> <span class='ocrx_word' id='word_1_134' title='bbox 465 2485 502 2535; x_wconf 84' lang='lat' dir='ltr'><strong><em>cd</em></strong></span> <span class='ocrx_word' id='word_1_135' title='bbox 518 2485 586 2536; x_wconf 82' lang='lat' dir='ltr'><strong><em>anic.</em></strong></span> <span class='ocrx_word' id='word_1_136' title='bbox 602 2486 679 2550; x_wconf 85' lang='lat' dir='ltr'><strong><em>episc.</em></strong></span> <span class='ocrx_word' id='word_1_137' title='bbox 695 2485 901 2550; x_wconf 72' lang='lat' dir='ltr'><strong><em>Galliceffligue,</em></strong></span> <span class='ocrx_word' id='word_1_138' title='bbox 914 2500 953 2549; x_wconf 91' lang='lat' dir='ltr'><strong><em>ep.</em></strong></span> <span class='ocrx_word' id='word_1_139' title='bbox 966 2489 1005 2549; x_wconf 74' lang='lat'><strong><em>75,</em></strong></span> <span class='ocrx_word' id='word_1_140' title='bbox 1017 2501 1040 2550; x_wconf 89' lang='lat' dir='ltr'><strong><em>p.</em></strong></span> <span class='ocrx_word' id='word_1_141' title='bbox 1056 2485 1126 2549; x_wconf 83' lang='lat'><strong>905);</strong></span> <span class='ocrx_word' id='word_1_142' title='bbox 1143 2491 1167 2536; x_wconf 89' lang='lat' dir='ltr'><strong><em>at</em></strong></span> <span class='ocrx_word' id='word_1_143' title='bbox 1181 2483 1251 2551; x_wconf 82' lang='lat' dir='ltr'><strong><em>pauio</em></strong></span> 
     </span>
     <span class='ocr_line' id='line_1_19' title="bbox 185 2563 1250 2631; baseline 0.003 -18"><span class='ocrx_word' id='word_1_144' title='bbox 185 2571 256 2628; x_wconf 88' lang='lat' dir='ltr'><strong><em>post:</em></strong></span> <span class='ocrx_word' id='word_1_145' title='bbox 267 2563 394 2614; x_wconf 79' lang='lat' dir='ltr'><strong><em>«Tandem</em></strong></span> <span class='ocrx_word' id='word_1_146' title='bbox 401 2565 536 2630; x_wconf 84' lang='lat' dir='ltr'><strong><em>aliquando,</em></strong></span> <span class='ocrx_word' id='word_1_147' title='bbox 545 2567 596 2615; x_wconf 87' lang='lat' dir='ltr'><strong><em>Deo</em></strong></span> <span class='ocrx_word' id='word_1_148' title='bbox 606 2567 746 2630; x_wconf 76' lang='lat' dir='ltr'><strong><em>inspirante,</em></strong></span> <span class='ocrx_word' id='word_1_149' title='bbox 756 2572 781 2616; x_wconf 88' lang='lat' dir='ltr'><strong><em>et</em></strong></span> <span class='ocrx_word' id='word_1_150' title='bbox 788 2567 889 2616; x_wconf 81' lang='lat' dir='ltr'><strong><em>Nicene</em></strong></span> <span class='ocrx_word' id='word_1_151' title='bbox 896 2566 965 2616; x_wconf 89' lang='lat' dir='ltr'><strong><em>nobis</em></strong></span> <span class='ocrx_word' id='word_1_152' title='bbox 973 2566 1057 2631; x_wconf 73' lang='lat' dir='ltr'><strong><em>synodi</em></strong></span> <span class='ocrx_word' id='word_1_153' title='bbox 1065 2565 1160 2616; x_wconf 88' lang='lat' dir='ltr'><strong><em>decreto</em></strong></span> <span class='ocrx_word' id='word_1_154' title='bbox 1169 2565 1250 2616; x_wconf 80' lang='lat' dir='ltr'><strong><em>suffra·</em></strong></span> 
     </span>
     <span class='ocr_line' id='line_1_20' title="bbox 184 2645 1249 2711; baseline 0.002 -19"><span class='ocrx_word' id='word_1_155' title='bbox 184 2651 267 2707; x_wconf 78' lang='lat' dir='ltr'><strong><em>ganto,</em></strong></span> <span class='ocrx_word' id='word_1_156' title='bbox 282 2659 328 2708; x_wconf 88' lang='lat' dir='ltr'><strong><em>quo</em></strong></span> <span class='ocrx_word' id='word_1_157' title='bbox 342 2645 404 2694; x_wconf 88' lang='lat' dir='ltr'><strong><em>iuter</em></strong></span> <span class='ocrx_word' id='word_1_158' title='bbox 416 2651 501 2695; x_wconf 82' lang='lat' dir='ltr'><strong><em>catera</em></strong></span> <span class='ocrx_word' id='word_1_159' title='bbox 512 2647 649 2711; x_wconf 81' lang='lat' dir='ltr'><strong><em>precipitur</em></strong></span> <span class='ocrx_word' id='word_1_160' title='bbox 662 2653 688 2696; x_wconf 90' lang='lat' dir='ltr'><strong><em>ut</em></strong></span> <span class='ocrx_word' id='word_1_161' title='bbox 700 2646 749 2695; x_wconf 88' lang='lat' dir='ltr'><strong><em>suis</em></strong></span> <span class='ocrx_word' id='word_1_162' title='bbox 761 2645 887 2711; x_wconf 75' lang='lat' dir='ltr'><strong><em>privilegia</em></strong></span> <span class='ocrx_word' id='word_1_163' title='bbox 903 2652 1030 2696; x_wconf 82' lang='lat' dir='ltr'><strong><em>serventur</em></strong></span> <span class='ocrx_word' id='word_1_164' title='bbox 1044 2645 1161 2708; x_wconf 89' lang='lat' dir='ltr'><strong><em>ecclesiis,</em></strong></span> <span class='ocrx_word' id='word_1_165' title='bbox 1171 2652 1249 2695; x_wconf 86' lang='lat' dir='ltr'><strong><em>ratum</em></strong></span> 
     </span>
     <span class='ocr_line' id='line_1_21' title="bbox 184 2717 1250 2791; baseline 0.001 -18"><span class='ocrx_word' id='word_1_166' title='bbox 184 2723 296 2773; x_wconf 84' lang='lat' dir='ltr'><strong><em>duximus</em></strong></span> <span class='ocrx_word' id='word_1_167' title='bbox 317 2725 370 2787; x_wconf 85' lang='lat' dir='ltr'><strong><em>jam</em></strong></span> <span class='ocrx_word' id='word_1_168' title='bbox 392 2725 469 2774; x_wconf 90' lang='lat' dir='ltr'><strong><em>iatum</em></strong></span> <span class='ocrx_word' id='word_1_169' title='bbox 492 2725 637 2786; x_wconf 80' lang='lat' dir='ltr'><strong><em>Rothadum,</em></strong></span> <span class='ocrx_word' id='word_1_170' title='bbox 661 2741 778 2776; x_wconf 82' lang='lat' dir='ltr'><strong><em>memores</em></strong></span> <span class='ocrx_word' id='word_1_171' title='bbox 802 2717 892 2776; x_wconf 89' lang='lat' dir='ltr'><strong><em>sciiicet</em></strong></span> <span class='ocrx_word' id='word_1_172' title='bbox 916 2725 1096 2791; x_wconf 72' lang='lat' dir='ltr'><strong><em>privilegiorum</em></strong></span> <span class='ocrx_word' id='word_1_173' title='bbox 1115 2724 1250 2788; x_wconf 80' lang='lat' dir='ltr'><strong><em>apostolice</em></strong></span> 
     </span>
     <span class='ocr_line' id='line_1_22' title="bbox 184 2802 1248 2870; baseline 0 -18"><span class='ocrx_word' id='word_1_174' title='bbox 184 2804 256 2865; x_wconf 88' lang='lat' dir='ltr'><strong><em>sedis,</em></strong></span> <span class='ocrx_word' id='word_1_175' title='bbox 273 2804 404 2855; x_wconf 71' lang='lat' dir='ltr'><strong>avinculis</strong></span> <span class='ocrx_word' id='word_1_176' title='bbox 423 2805 510 2870; x_wconf 82' lang='lat' dir='ltr'><strong><em>quibus</em></strong></span> <span class='ocrx_word' id='word_1_177' title='bbox 522 2805 600 2870; x_wconf 90' lang='lat' dir='ltr'><strong><em>ilium,</em></strong></span> <span class='ocrx_word' id='word_1_178' title='bbox 615 2821 645 2856; x_wconf 93' lang='lat' dir='ltr'><strong><em>ne</em></strong></span> <span class='ocrx_word' id='word_1_179' title='bbox 663 2812 771 2856; x_wconf 88' lang='lat' dir='ltr'><strong><em>uteretur</em></strong></span> <span class='ocrx_word' id='word_1_180' title='bbox 786 2807 863 2856; x_wconf 90' lang='lat' dir='ltr'><strong><em>oiiicio</em></strong></span> <span class='ocrx_word' id='word_1_181' title='bbox 878 2820 922 2855; x_wconf 89' lang='lat' dir='ltr'><strong><em>nec</em></strong></span> <span class='ocrx_word' id='word_1_182' title='bbox 940 2820 988 2854; x_wconf 83' lang='lat' dir='ltr'><strong><em>sua</em></strong></span> <span class='ocrx_word' id='word_1_183' title='bbox 1005 2811 1117 2868; x_wconf 76' lang='lat' dir='ltr'><strong><em>praesset</em></strong></span> <span class='ocrx_word' id='word_1_184' title='bbox 1131 2802 1248 2864; x_wconf 80' lang='lat' dir='ltr'><strong><em>ecclesie,</em></strong></span> 
     </span>
     <span class='ocr_line' id='line_1_23' title="bbox 183 2886 1249 2954; baseline -0.003 -16"><span class='ocrx_word' id='word_1_185' title='bbox 183 2887 329 2951; x_wconf 76' lang='lat' dir='ltr'><strong><em>colligastis,</em></strong></span> <span class='ocrx_word' id='word_1_186' title='bbox 352 2889 409 2953; x_wconf 82' lang='lat' dir='ltr'><strong><em>quia</em></strong></span> <span class='ocrx_word' id='word_1_187' title='bbox 431 2904 474 2939; x_wconf 91' lang='lat' dir='ltr'><strong><em>nos</em></strong></span> <span class='ocrx_word' id='word_1_188' title='bbox 496 2905 544 2939; x_wconf 91' lang='lat' dir='ltr'><strong><em>non</em></strong></span> <span class='ocrx_word' id='word_1_189' title='bbox 568 2891 717 2952; x_wconf 88' lang='lat' dir='ltr'><strong><em>censuimus,</em></strong></span> <span class='ocrx_word' id='word_1_190' title='bbox 738 2889 908 2940; x_wconf 78' lang='lat' dir='ltr'><strong><em>absolvendum</em></strong></span> <span class='ocrx_word' id='word_1_191' title='bbox 921 2907 935 2936; x_wconf 93' lang='grc' dir='ltr'><strong><em>ιι</em></strong></span> <span class='ocrx_word' id='word_1_192' title='bbox 958 2889 1055 2954; x_wconf 79' lang='lat' dir='ltr'><strong><em>(ibid).</em></strong></span> <span class='ocrx_word' id='word_1_193' title='bbox 1077 2888 1130 2947; x_wconf 85' lang='lat' dir='ltr'><strong><em>Quo</em></strong></span> <span class='ocrx_word' id='word_1_194' title='bbox 1150 2886 1249 2951; x_wconf 88' lang='lat' dir='ltr'><strong><em>quidem</em></strong></span> 
     </span>
     <span class='ocr_line' id='line_1_24' title="bbox 181 2968 1247 3035; baseline -0.004 -17"><span class='ocrx_word' id='word_1_195' title='bbox 181 2968 234 3018; x_wconf 88' lang='lat' dir='ltr'><strong><em>ioco</em></strong></span> <span class='ocrx_word' id='word_1_196' title='bbox 243 2969 385 3019; x_wconf 82' lang='lat' dir='ltr'><strong><em>Anastasius</em></strong></span> <span class='ocrx_word' id='word_1_197' title='bbox 396 2969 426 3019; x_wconf 88' lang='lat' dir='ltr'><strong><em>ad</em></strong></span> <span class='ocrx_word' id='word_1_198' title='bbox 440 2985 525 3020; x_wconf 80' lang='lat' dir='ltr'><strong><em>uerum</em></strong></span> <span class='ocrx_word' id='word_1_199' title='bbox 539 2984 654 3020; x_wconf 71' lang='lat' dir='ltr'><strong><em>munnam</em></strong></span> <span class='ocrx_word' id='word_1_200' title='bbox 664 2969 753 3020; x_wconf 80' lang='lat' dir='ltr'><strong><em>Niceni</em></strong></span> <span class='ocrx_word' id='word_1_201' title='bbox 766 2969 859 3020; x_wconf 90' lang='lat' dir='ltr'><strong><em>concilii</em></strong></span> <span class='ocrx_word' id='word_1_202' title='bbox 869 2968 989 3035; x_wconf 85' lang='lat' dir='ltr'><strong><em>appellare</em></strong></span> <span class='ocrx_word' id='word_1_203' title='bbox 1002 2968 1097 3017; x_wconf 82' lang='lat' dir='ltr'><strong><em>ridetur</em></strong></span> <span class='ocrx_word' id='word_1_204' title='bbox 1112 2968 1145 3033; x_wconf 87' lang='lat' dir='ltr'><strong><em>(v.</em></strong></span> <span class='ocrx_word' id='word_1_205' title='bbox 1160 2981 1211 3017; x_wconf 88' lang='lat' dir='ltr'><strong><em>can.</em></strong></span> <span class='ocrx_word' id='word_1_206' title='bbox 1223 2968 1247 3030; x_wconf 89' lang='lat'><strong><em>5,</em></strong></span> 
     </span>
     <span class='ocr_line' id='line_1_25' title="bbox 183 3045 1307 3115; baseline -0.001 -18"><span class='ocrx_word' id='word_1_207' title='bbox 183 3063 223 3112; x_wconf 86' lang='lat' dir='ltr'><strong><em>ap.</em></strong></span> <span class='ocrx_word' id='word_1_208' title='bbox 239 3047 332 3111; x_wconf 78' lang='lat' dir='ltr'><strong><em>Hercle,</em></strong></span> <span class='ocrx_word' id='word_1_209' title='bbox 352 3050 462 3100; x_wconf 77' lang='lat' dir='ltr'><strong><em>Histoire</em></strong></span> <span class='ocrx_word' id='word_1_210' title='bbox 477 3051 521 3100; x_wconf 87' lang='lat' dir='ltr'><strong><em>des</em></strong></span> <span class='ocrx_word' id='word_1_211' title='bbox 537 3051 652 3115; x_wconf 71' lang='lat' dir='ltr'><strong><em>condies,</em></strong></span> <span class='ocrx_word' id='word_1_212' title='bbox 668 3057 686 3100; x_wconf 92' lang='lat' dir='ltr'><strong><em>t.</em></strong></span> <span class='ocrx_word' id='word_1_213' title='bbox 709 3052 729 3111; x_wconf 93' lang='lat' dir='ltr'><strong><em>i,</em></strong></span> <span class='ocrx_word' id='word_1_214' title='bbox 743 3064 768 3115; x_wconf 89' lang='lat' dir='ltr'><strong><em>p.</em></strong></span> <span class='ocrx_word' id='word_1_215' title='bbox 783 3049 850 3113; x_wconf 81' lang='lat' dir='ltr'><strong><em>ets),</em></strong></span> <span class='ocrx_word' id='word_1_216' title='bbox 867 3048 909 3099; x_wconf 91' lang='lat' dir='ltr'><strong><em>sed</em></strong></span> <span class='ocrx_word' id='word_1_217' title='bbox 921 3064 977 3098; x_wconf 91' lang='lat' dir='ltr'><strong><em>eurn</em></strong></span> <span class='ocrx_word' id='word_1_218' title='bbox 992 3049 1016 3098; x_wconf 89' lang='lat' dir='ltr'><strong><em>in</em></strong></span> <span class='ocrx_word' id='word_1_219' title='bbox 1030 3047 1131 3098; x_wconf 91' lang='lat' dir='ltr'><strong><em>modum</em></strong></span> <span class='ocrx_word' id='word_1_220' title='bbox 1145 3045 1249 3098; x_wconf 86' lang='lat' dir='ltr'><strong><em>Pseudo·</em></strong></span> <span class='ocrx_word' id='word_1_221' title='bbox 1305 3047 1307 3054; x_wconf 61' lang='lat'><strong><em>⁴</em></strong></span> 
     </span>
     <span class='ocr_line' id='line_1_26' title="bbox 184 3129 521 3194; baseline 0.006 -16"><span class='ocrx_word' id='word_1_222' title='bbox 184 3129 342 3178; x_wconf 86' lang='lat' dir='ltr'><strong><em>isidorianam</em></strong></span> <span class='ocrx_word' id='word_1_223' title='bbox 359 3129 521 3194; x_wconf 87' lang='lat' dir='ltr'><strong><em>interpretari.</em></strong></span> 
     </span>
    </p>

    <p class='ocr_par' dir='ltr' id='par_1_5' title="bbox 179 3208 1252 3822">
     <span class='ocr_line' id='line_1_27' title="bbox 213 3208 1249 3277; baseline 0.002 -19"><span class='ocrx_word' id='word_1_224' title='bbox 213 3211 236 3259; x_wconf 81' lang='lat'><strong><em>2.</em></strong></span> <span class='ocrx_word' id='word_1_225' title='bbox 256 3224 270 3256; x_wconf 91' lang='grc' dir='ltr'><strong><em>ι</em></strong></span> <span class='ocrx_word' id='word_1_226' title='bbox 284 3210 412 3259; x_wconf 85' lang='lat' dir='ltr'><strong><em>Commeat</em></strong></span> <span class='ocrx_word' id='word_1_227' title='bbox 423 3211 542 3260; x_wconf 87' lang='lat' dir='ltr'><strong><em>admettre</em></strong></span> <span class='ocrx_word' id='word_1_228' title='bbox 553 3226 600 3276; x_wconf 90' lang='lat' dir='ltr'><strong><em>que</em></strong></span> <span class='ocrx_word' id='word_1_229' title='bbox 614 3225 642 3261; x_wconf 91' lang='lat' dir='ltr'><strong><em>ce</em></strong></span> <span class='ocrx_word' id='word_1_230' title='bbox 655 3225 717 3277; x_wconf 89' lang='lat' dir='ltr'><strong><em>pape</em></strong></span> <span class='ocrx_word' id='word_1_231' title='bbox 730 3212 772 3260; x_wconf 82' lang='lat' dir='ltr'><strong><em>erit</em></strong></span> <span class='ocrx_word' id='word_1_232' title='bbox 787 3208 881 3271; x_wconf 83' lang='lat' dir='ltr'><strong><em>aliegue</em></strong></span> <span class='ocrx_word' id='word_1_233' title='bbox 893 3209 1113 3260; x_wconf 86' lang='lat' dir='ltr'><strong><em>irauduieusement</em></strong></span> <span class='ocrx_word' id='word_1_234' title='bbox 1124 3209 1146 3260; x_wconf 88' lang='lat' dir='ltr'><strong><em>ie</em></strong></span> <span class='ocrx_word' id='word_1_235' title='bbox 1158 3209 1249 3260; x_wconf 91' lang='lat' dir='ltr'><strong><em>concile</em></strong></span> 
     </span>
     <span class='ocr_line' id='line_1_28' title="bbox 183 3287 1252 3354; baseline 0.002 -18"><span class='ocrx_word' id='word_1_236' title='bbox 183 3287 213 3336; x_wconf 92' lang='lat' dir='ltr'><strong><em>de</em></strong></span> <span class='ocrx_word' id='word_1_237' title='bbox 223 3287 303 3350; x_wconf 79' lang='lat' dir='ltr'><strong><em>Nicea,</em></strong></span> <span class='ocrx_word' id='word_1_238' title='bbox 314 3289 394 3352; x_wconf 90' lang='lat' dir='ltr'><strong><em>quand</em></strong></span> <span class='ocrx_word' id='word_1_239' title='bbox 406 3288 442 3339; x_wconf 92' lang='lat' dir='ltr'><strong><em>ies</em></strong></span> <span class='ocrx_word' id='word_1_240' title='bbox 453 3289 543 3354; x_wconf 78' lang='lat' dir='ltr'><strong><em>prelata</em></strong></span> <span class='ocrx_word' id='word_1_241' title='bbox 550 3289 692 3354; x_wconf 81' lang='lat' dir='ltr'><strong><em>surquels&#39;ii</em></strong></span> <span class='ocrx_word' id='word_1_242' title='bbox 703 3289 840 3339; x_wconf 85' lang='lat' dir='ltr'><strong><em>s&#39;adresseit</em></strong></span> <span class='ocrx_word' id='word_1_243' title='bbox 849 3289 978 3353; x_wconf 83' lang='lat' dir='ltr'><strong><em>pouraient</em></strong></span> <span class='ocrx_word' id='word_1_244' title='bbox 991 3290 1141 3339; x_wconf 76' lang='lat' dir='ltr'><strong><em>eux-memes</em></strong></span> <span class='ocrx_word' id='word_1_245' title='bbox 1157 3288 1252 3340; x_wconf 78' lang='lat' dir='ltr'><strong><em>ririiier</em></strong></span> 
     </span>
     <span class='ocr_line' id='line_1_29' title="bbox 182 3367 1249 3434; baseline 0.002 -18"><span class='ocrx_word' id='word_1_246' title='bbox 182 3367 241 3417; x_wconf 89' lang='lat' dir='ltr'><strong><em>daus</em></strong></span> <span class='ocrx_word' id='word_1_247' title='bbox 256 3367 279 3418; x_wconf 91' lang='lat' dir='ltr'><strong><em>ie</em></strong></span> <span class='ocrx_word' id='word_1_248' title='bbox 295 3370 383 3418; x_wconf 81' lang='lat' dir='ltr'><strong><em>i-&#39;odea</em></strong></span> <span class='ocrx_word' id='word_1_249' title='bbox 396 3384 521 3420; x_wconf 80' lang='lat' dir='ltr'><strong><em>canonum</em></strong></span> <span class='ocrx_word' id='word_1_250' title='bbox 534 3370 568 3420; x_wconf 88' lang='lat' dir='ltr'><strong><em>ies</em></strong></span> <span class='ocrx_word' id='word_1_251' title='bbox 582 3378 646 3420; x_wconf 89' lang='lat' dir='ltr'><strong><em>actes</em></strong></span> <span class='ocrx_word' id='word_1_252' title='bbox 659 3371 688 3420; x_wconf 92' lang='lat' dir='ltr'><strong><em>de</em></strong></span> <span class='ocrx_word' id='word_1_253' title='bbox 697 3385 725 3420; x_wconf 91' lang='lat' dir='ltr'><strong><em>ce</em></strong></span> <span class='ocrx_word' id='word_1_254' title='bbox 737 3369 845 3419; x_wconf 73' lang='lat' dir='ltr'><strong><em>concile?</em></strong></span> <span class='ocrx_word' id='word_1_255' title='bbox 858 3388 869 3416; x_wconf 92' lang='grc' dir='ltr'><strong><em>ι</em></strong></span> <span class='ocrx_word' id='word_1_256' title='bbox 882 3368 949 3419; x_wconf 77' lang='lat' dir='ltr'><strong><em>Felix</em></strong></span> <span class='ocrx_word' id='word_1_257' title='bbox 961 3370 1094 3434; x_wconf 82' lang='lat' dir='ltr'><strong><em>Rocquain,</em></strong></span> <span class='ocrx_word' id='word_1_258' title='bbox 1110 3370 1206 3419; x_wconf 83' lang='lat' dir='ltr'><strong><em>Leitres</em></strong></span> <span class='ocrx_word' id='word_1_259' title='bbox 1217 3368 1249 3418; x_wconf 85' lang='lat' dir='ltr'><strong><em>de</em></strong></span> 
     </span>
     <span class='ocr_line' id='line_1_30' title="bbox 182 3447 1248 3514; baseline -0.001 -15"><span class='ocrx_word' id='word_1_260' title='bbox 182 3447 285 3499; x_wconf 81' lang='lat' dir='ltr'><strong><em>Nicetes</em></strong></span> <span class='ocrx_word' id='word_1_261' title='bbox 299 3449 344 3511; x_wconf 65' lang='lat' dir='ltr'><strong><em>ier,</em></strong></span> <span class='ocrx_word' id='word_1_262' title='bbox 359 3452 386 3500; x_wconf 72' lang='grc' dir='ltr'><strong><em>2ο</em></strong></span> <span class='ocrx_word' id='word_1_263' title='bbox 398 3457 444 3500; x_wconf 88' lang='lat' dir='ltr'><strong><em>art.</em></strong></span> <span class='ocrx_word' id='word_1_264' title='bbox 458 3450 576 3514; x_wconf 76' lang='lat' dir='ltr'><strong><em>(Joumsui</em></strong></span> <span class='ocrx_word' id='word_1_265' title='bbox 590 3451 634 3500; x_wconf 86' lang='lat' dir='ltr'><strong><em>des</em></strong></span> <span class='ocrx_word' id='word_1_266' title='bbox 649 3451 766 3513; x_wconf 82' lang='lat' dir='ltr'><strong><em>Savurcts,</em></strong></span> <span class='ocrx_word' id='word_1_267' title='bbox 786 3465 808 3499; x_wconf 88' lang='lat' dir='ltr'><strong><em>a.</em></strong></span> <span class='ocrx_word' id='word_1_268' title='bbox 826 3452 894 3511; x_wconf 83' lang='grc'><strong>4888,</strong></span> <span class='ocrx_word' id='word_1_269' title='bbox 909 3464 935 3513; x_wconf 90' lang='lat' dir='ltr'><strong><em>p.</em></strong></span> <span class='ocrx_word' id='word_1_270' title='bbox 953 3452 1008 3514; x_wconf 87' lang='grc'><strong>643,</strong></span> <span class='ocrx_word' id='word_1_271' title='bbox 1023 3465 1048 3499; x_wconf 92' lang='lat' dir='ltr'><strong><em>n.</em></strong></span> <span class='ocrx_word' id='word_1_272' title='bbox 1060 3450 1093 3513; x_wconf 87' lang='lat'><strong><em>1).</em></strong></span> <span class='ocrx_word' id='word_1_273' title='bbox 1109 3447 1178 3507; x_wconf 84' lang='lat' dir='ltr'><strong><em>Quod</em></strong></span> <span class='ocrx_word' id='word_1_274' title='bbox 1190 3462 1248 3498; x_wconf 84' lang='lat' dir='ltr'><strong><em>sane</em></strong></span> 
     </span>
     <span class='ocr_line' id='line_1_31' title="bbox 182 3529 1248 3595; baseline 0 -18"><span class='ocrx_word' id='word_1_275' title='bbox 182 3533 352 3590; x_wconf 75' lang='lat' dir='ltr'><strong><em>argumentum</em></strong></span> <span class='ocrx_word' id='word_1_276' title='bbox 373 3529 443 3579; x_wconf 92' lang='lat' dir='ltr'><strong><em>iaciie</em></strong></span> <span class='ocrx_word' id='word_1_277' title='bbox 458 3537 496 3580; x_wconf 89' lang='lat' dir='ltr'><strong><em>est</em></strong></span> <span class='ocrx_word' id='word_1_278' title='bbox 512 3536 661 3595; x_wconf 87' lang='lat' dir='ltr'><strong><em>retorquere,</em></strong></span> <span class='ocrx_word' id='word_1_279' title='bbox 682 3530 717 3580; x_wconf 91' lang='lat' dir='ltr'><strong><em>sic</em></strong></span> <span class='ocrx_word' id='word_1_280' title='bbox 735 3536 818 3580; x_wconf 90' lang='lat' dir='ltr'><strong><em>contra</em></strong></span> <span class='ocrx_word' id='word_1_281' title='bbox 838 3529 1004 3591; x_wconf 86' lang='lat' dir='ltr'><strong><em>interrogando</em></strong></span> <span class='ocrx_word' id='word_1_282' title='bbox 1020 3545 1030 3579; x_wconf 47' lang='lat'><strong><em>:1</em></strong></span> <span class='ocrx_word' id='word_1_283' title='bbox 1043 3547 1057 3576; x_wconf 93' lang='grc' dir='ltr'><strong><em>ιι</em></strong></span> <span class='ocrx_word' id='word_1_284' title='bbox 1069 3531 1196 3580; x_wconf 87' lang='lat' dir='ltr'><strong><em>Commeat</em></strong></span> <span class='ocrx_word' id='word_1_285' title='bbox 1221 3542 1248 3577; x_wconf 87' lang='lat' dir='ltr'><strong><em>ee</em></strong></span> 
     </span>
     <span class='ocr_line' id='line_1_32' title="bbox 181 3605 1249 3674; baseline -0.001 -17"><span class='ocrx_word' id='word_1_286' title='bbox 181 3607 256 3657; x_wconf 87' lang='lat' dir='ltr'><strong><em>iait-ii</em></strong></span> <span class='ocrx_word' id='word_1_287' title='bbox 270 3623 317 3672; x_wconf 91' lang='lat' dir='ltr'><strong><em>que</em></strong></span> <span class='ocrx_word' id='word_1_288' title='bbox 334 3607 369 3658; x_wconf 86' lang='lat' dir='ltr'><strong><em>les</em></strong></span> <span class='ocrx_word' id='word_1_289' title='bbox 387 3607 490 3674; x_wconf 74' lang='lat' dir='ltr'><strong><em>iniquas</em></strong></span> <span class='ocrx_word' id='word_1_290' title='bbox 507 3609 586 3659; x_wconf 86' lang='lat' dir='ltr'><strong><em>francs</em></strong></span> <span class='ocrx_word' id='word_1_291' title='bbox 601 3610 667 3659; x_wconf 88' lang='lat' dir='ltr'><strong><em>aient</em></strong></span> <span class='ocrx_word' id='word_1_292' title='bbox 685 3608 764 3672; x_wconf 76' lang='lat' dir='ltr'><strong><em>ap&#39;outi</em></strong></span> <span class='ocrx_word' id='word_1_293' title='bbox 777 3609 809 3659; x_wconf 90' lang='lat' dir='ltr'><strong><em>ioi</em></strong></span> <span class='ocrx_word' id='word_1_294' title='bbox 826 3625 872 3658; x_wconf 85' lang='lat' dir='ltr'><strong><em>aux</em></strong></span> <span class='ocrx_word' id='word_1_295' title='bbox 890 3611 981 3659; x_wconf 88' lang='lat' dir='ltr'><strong><em>iausses</em></strong></span> <span class='ocrx_word' id='word_1_296' title='bbox 994 3606 1124 3658; x_wconf 74' lang='lat' dir='ltr'><strong><em>decretales</em></strong></span> <span class='ocrx_word' id='word_1_297' title='bbox 1140 3607 1171 3657; x_wconf 88' lang='lat' dir='ltr'><strong><em>nir</em></strong></span> <span class='ocrx_word' id='word_1_298' title='bbox 1188 3605 1249 3656; x_wconf 79' lang='lat' dir='ltr'><strong><em>snit</em></strong></span> 
     </span>
     <span class='ocr_line' id='line_1_33' title="bbox 181 3685 1237 3754; baseline -0.002 -18"><span class='ocrx_word' id='word_1_299' title='bbox 181 3686 273 3749; x_wconf 77' lang='lat' dir='ltr'><strong><em>eisgue</em></strong></span> <span class='ocrx_word' id='word_1_300' title='bbox 296 3687 515 3739; x_wconf 88' lang='lat' dir='ltr'><strong><em>irauduleusement</em></strong></span> <span class='ocrx_word' id='word_1_301' title='bbox 533 3689 556 3740; x_wconf 92' lang='lat' dir='ltr'><strong><em>le</em></strong></span> <span class='ocrx_word' id='word_1_302' title='bbox 578 3689 669 3739; x_wconf 90' lang='lat' dir='ltr'><strong><em>concile</em></strong></span> <span class='ocrx_word' id='word_1_303' title='bbox 690 3689 719 3739; x_wconf 90' lang='lat' dir='ltr'><strong><em>de</em></strong></span> <span class='ocrx_word' id='word_1_304' title='bbox 736 3689 818 3749; x_wconf 78' lang='lat' dir='ltr'><strong><em>Nicie,</em></strong></span> <span class='ocrx_word' id='word_1_305' title='bbox 840 3689 921 3754; x_wconf 87' lang='lat' dir='ltr'><strong><em>quand</em></strong></span> <span class='ocrx_word' id='word_1_306' title='bbox 944 3704 985 3739; x_wconf 89' lang='lat' dir='ltr'><strong><em>ces</em></strong></span> <span class='ocrx_word' id='word_1_307' title='bbox 1006 3688 1094 3753; x_wconf 80' lang='lat' dir='ltr'><strong><em>prelata</em></strong></span> <span class='ocrx_word' id='word_1_308' title='bbox 1120 3685 1237 3751; x_wconf 82' lang='lat' dir='ltr'><strong><em>pouraien</em></strong></span> 
     </span>
     <span class='ocr_line' id='line_1_34' title="bbox 179 3767 1152 3822; baseline -0.004 -4"><span class='ocrx_word' id='word_1_309' title='bbox 179 3768 329 3818; x_wconf 80' lang='lat' dir='ltr'><strong><em>eux-memes</em></strong></span> <span class='ocrx_word' id='word_1_310' title='bbox 342 3768 436 3820; x_wconf 76' lang='lat' dir='ltr'><strong><em>rerifler</em></strong></span> <span class='ocrx_word' id='word_1_311' title='bbox 452 3771 510 3819; x_wconf 87' lang='lat' dir='ltr'><strong><em>dans</em></strong></span> <span class='ocrx_word' id='word_1_312' title='bbox 524 3769 546 3820; x_wconf 90' lang='lat' dir='ltr'><strong><em>le</em></strong></span> <span class='ocrx_word' id='word_1_313' title='bbox 558 3769 776 3822; x_wconf 82' lang='lat' dir='ltr'><strong><em>Codeaccncnum</em></strong></span> <span class='ocrx_word' id='word_1_314' title='bbox 791 3770 826 3820; x_wconf 92' lang='lat' dir='ltr'><strong><em>ies</em></strong></span> <span class='ocrx_word' id='word_1_315' title='bbox 843 3777 907 3820; x_wconf 86' lang='lat' dir='ltr'><strong><em>actes</em></strong></span> <span class='ocrx_word' id='word_1_316' title='bbox 923 3770 953 3820; x_wconf 91' lang='lat' dir='ltr'><strong><em>de</em></strong></span> <span class='ocrx_word' id='word_1_317' title='bbox 969 3784 996 3819; x_wconf 90' lang='lat' dir='ltr'><strong><em>ce</em></strong></span> <span class='ocrx_word' id='word_1_318' title='bbox 1010 3767 1122 3818; x_wconf 80' lang='lat' dir='ltr'><strong><em>conoiie‘i</em></strong></span> <span class='ocrx_word' id='word_1_319' title='bbox 1140 3783 1152 3813; x_wconf 91' lang='grc' dir='ltr'><strong><em>ι</em></strong></span> 
     </span>
    </p>

    <p class='ocr_par' dir='ltr' id='par_1_6' title="bbox 180 3845 1248 4314">
     <span class='ocr_line' id='line_1_35' title="bbox 211 3845 1247 3916; baseline -0.001 -18"><span class='ocrx_word' id='word_1_320' title='bbox 211 3850 235 3898; x_wconf 91' lang='grc'><strong><em>3.</em></strong></span> <span class='ocrx_word' id='word_1_321' title='bbox 253 3849 285 3898; x_wconf 93' lang='lat' dir='ltr'><strong><em>V.</em></strong></span> <span class='ocrx_word' id='word_1_322' title='bbox 301 3847 385 3898; x_wconf 86' lang='lat' dir='ltr'><strong><em>iieielc</em></strong></span> <span class='ocrx_word' id='word_1_323' title='bbox 401 3849 521 3913; x_wconf 80' lang='lat' dir='ltr'><strong><em>(Histoire</em></strong></span> <span class='ocrx_word' id='word_1_324' title='bbox 541 3850 587 3899; x_wconf 85' lang='lat' dir='ltr'><strong><em>des</em></strong></span> <span class='ocrx_word' id='word_1_325' title='bbox 606 3850 721 3911; x_wconf 82' lang='lat' dir='ltr'><strong><em>concites,</em></strong></span> <span class='ocrx_word' id='word_1_326' title='bbox 737 3856 756 3900; x_wconf 90' lang='lat' dir='ltr'><strong><em>t.</em></strong></span> <span class='ocrx_word' id='word_1_327' title='bbox 771 3852 791 3913; x_wconf 90' lang='lat' dir='ltr'><strong><em>i,</em></strong></span> <span class='ocrx_word' id='word_1_328' title='bbox 807 3866 831 3916; x_wconf 93' lang='lat' dir='ltr'><strong><em>p.</em></strong></span> <span class='ocrx_word' id='word_1_329' title='bbox 846 3852 890 3900; x_wconf 85' lang='grc'><strong><em>348</em></strong></span> <span class='ocrx_word' id='word_1_330' title='bbox 907 3865 971 3914; x_wconf 72' lang='lat' dir='ltr'><strong><em>sqq,</em></strong></span> <span class='ocrx_word' id='word_1_331' title='bbox 987 3855 1012 3898; x_wconf 87' lang='lat' dir='ltr'><strong><em>et</em></strong></span> <span class='ocrx_word' id='word_1_332' title='bbox 1025 3849 1051 3898; x_wconf 90' lang='lat' dir='ltr'><strong><em>in</em></strong></span> <span class='ocrx_word' id='word_1_333' title='bbox 1069 3845 1247 3910; x_wconf 78' lang='lat' dir='ltr'><strong><em>Tieciopiscirs</em></strong></span> 
     </span>
     <span class='ocr_line' id='line_1_36' title="bbox 182 3925 1247 3995; baseline -0.002 -19"><span class='ocrx_word' id='word_1_334' title='bbox 182 3927 392 3993; x_wconf 78' lang='lat' dir='ltr'><strong><em>Quartodecirist,</em></strong></span> <span class='ocrx_word' id='word_1_335' title='bbox 402 3929 539 3992; x_wconf 77' lang='lat' dir='ltr'><strong><em>itihingen,</em></strong></span> <span class='ocrx_word' id='word_1_336' title='bbox 549 3933 619 3994; x_wconf 80' lang='grc'><strong>4854,</strong></span> <span class='ocrx_word' id='word_1_337' title='bbox 629 3931 687 3980; x_wconf 86' lang='lat' dir='ltr'><strong><em>iaec.</em></strong></span> <span class='ocrx_word' id='word_1_338' title='bbox 701 3932 721 3995; x_wconf 93' lang='lat' dir='ltr'><strong><em>i,</em></strong></span> <span class='ocrx_word' id='word_1_339' title='bbox 732 3946 755 3995; x_wconf 93' lang='lat' dir='ltr'><strong><em>p.</em></strong></span> <span class='ocrx_word' id='word_1_340' title='bbox 768 3933 797 3981; x_wconf 88' lang='grc'><strong><em>49</em></strong></span> <span class='ocrx_word' id='word_1_341' title='bbox 807 3931 869 3995; x_wconf 82' lang='lat' dir='ltr'><strong><em>sqq.)</em></strong></span> <span class='ocrx_word' id='word_1_342' title='bbox 886 3932 933 3994; x_wconf 91' lang='lat' dir='ltr'><strong><em>ipsi</em></strong></span> <span class='ocrx_word' id='word_1_343' title='bbox 947 3929 1072 3992; x_wconf 84' lang='lat' dir='ltr'><strong><em>pontifices</em></strong></span> <span class='ocrx_word' id='word_1_344' title='bbox 1083 3925 1185 3977; x_wconf 83' lang='lat' dir='ltr'><strong><em>Romani</em></strong></span> <span class='ocrx_word' id='word_1_345' title='bbox 1199 3940 1247 3975; x_wconf 90' lang='lat' dir='ltr'><strong><em>nou</em></strong></span> 
     </span>
     <span class='ocr_line' id='line_1_37' title="bbox 181 4005 1248 4070; baseline 0.003 -15"><span class='ocrx_word' id='word_1_346' title='bbox 181 4007 257 4056; x_wconf 88' lang='lat' dir='ltr'><strong><em>semei</em></strong></span> <span class='ocrx_word' id='word_1_347' title='bbox 266 4007 296 4056; x_wconf 89' lang='lat' dir='ltr'><strong><em>de</em></strong></span> <span class='ocrx_word' id='word_1_348' title='bbox 307 4009 408 4058; x_wconf 89' lang='lat' dir='ltr'><strong><em>concilio</em></strong></span> <span class='ocrx_word' id='word_1_349' title='bbox 417 4011 514 4059; x_wconf 80' lang='lat' dir='ltr'><strong><em>Niceno</em></strong></span> <span class='ocrx_word' id='word_1_350' title='bbox 524 4011 603 4059; x_wconf 91' lang='lat' dir='ltr'><strong><em>minus</em></strong></span> <span class='ocrx_word' id='word_1_351' title='bbox 614 4017 722 4060; x_wconf 86' lang='lat' dir='ltr'><strong><em>accurate</em></strong></span> <span class='ocrx_word' id='word_1_352' title='bbox 733 4011 804 4061; x_wconf 90' lang='lat' dir='ltr'><strong><em>locuti</em></strong></span> <span class='ocrx_word' id='word_1_353' title='bbox 814 4016 877 4059; x_wconf 93' lang='lat' dir='ltr'><strong><em>sunt.</em></strong></span> <span class='ocrx_word' id='word_1_354' title='bbox 888 4010 941 4060; x_wconf 82' lang='lat' dir='ltr'><strong><em>iam</em></strong></span> <span class='ocrx_word' id='word_1_355' title='bbox 952 4007 1025 4070; x_wconf 91' lang='lat' dir='ltr'><strong><em>enim,</em></strong></span> <span class='ocrx_word' id='word_1_356' title='bbox 1037 4023 1059 4057; x_wconf 88' lang='lat' dir='ltr'><strong><em>a.</em></strong></span> <span class='ocrx_word' id='word_1_357' title='bbox 1072 4009 1128 4068; x_wconf 86' lang='grc'><strong>418,</strong></span> <span class='ocrx_word' id='word_1_358' title='bbox 1138 4005 1248 4058; x_wconf 84' lang='lat' dir='ltr'><strong><em>Zosimus</em></strong></span> 
     </span>
     <span class='ocr_line' id='line_1_38' title="bbox 181 4085 1230 4155; baseline 0 -21"><span class='ocrx_word' id='word_1_359' title='bbox 181 4100 243 4152; x_wconf 88' lang='lat' dir='ltr'><strong>papa</strong></span> <span class='ocrx_word' id='word_1_360' title='bbox 255 4087 358 4136; x_wconf 84' lang='lat' dir='ltr'><strong><em>Nicaenis</em></strong></span> <span class='ocrx_word' id='word_1_361' title='bbox 369 4090 499 4139; x_wconf 88' lang='lat' dir='ltr'><strong><em>canonibus</em></strong></span> <span class='ocrx_word' id='word_1_362' title='bbox 515 4105 543 4139; x_wconf 86' lang='lat' dir='ltr'><strong><em>aa</em></strong></span> <span class='ocrx_word' id='word_1_363' title='bbox 559 4090 685 4154; x_wconf 87' lang='lat' dir='ltr'><strong><em>adscripsit</em></strong></span> <span class='ocrx_word' id='word_1_364' title='bbox 699 4105 752 4155; x_wconf 78' lang='lat' dir='ltr'><strong><em>quse</em></strong></span> <span class='ocrx_word' id='word_1_365' title='bbox 767 4091 844 4153; x_wconf 89' lang='lat' dir='ltr'><strong><em>reipsa</em></strong></span> <span class='ocrx_word' id='word_1_366' title='bbox 861 4089 885 4137; x_wconf 95' lang='lat' dir='ltr'><strong><em>in</em></strong></span> <span class='ocrx_word' id='word_1_367' title='bbox 899 4086 989 4150; x_wconf 78' lang='lat' dir='ltr'><strong><em>synodo</em></strong></span> <span class='ocrx_word' id='word_1_368' title='bbox 1000 4087 1134 4136; x_wconf 88' lang='lat' dir='ltr'><strong><em>Sardicensi</em></strong></span> <span class='ocrx_word' id='word_1_369' title='bbox 1148 4085 1230 4135; x_wconf 89' lang='lat' dir='ltr'><strong><em>decret</em></strong></span> 
     </span>
     <span class='ocr_line' id='line_1_39' title="bbox 180 4167 1245 4234; baseline 0 -18"><span class='ocrx_word' id='word_1_370' title='bbox 180 4171 236 4216; x_wconf 90' lang='lat' dir='ltr'><strong><em>sunt</em></strong></span> <span class='ocrx_word' id='word_1_371' title='bbox 254 4167 288 4231; x_wconf 85' lang='lat' dir='ltr'><strong><em>(v.</em></strong></span> <span class='ocrx_word' id='word_1_372' title='bbox 303 4168 394 4218; x_wconf 90' lang='lat' dir='ltr'><strong><em>Zosimi</em></strong></span> <span class='ocrx_word' id='word_1_373' title='bbox 410 4168 637 4219; x_wconf 79' lang='lat' dir='ltr'><strong><em>Corscmonitoriccm</em></strong></span> <span class='ocrx_word' id='word_1_374' title='bbox 649 4171 684 4220; x_wconf 88' lang='lat' dir='ltr'><strong><em>ud</em></strong></span> <span class='ocrx_word' id='word_1_375' title='bbox 698 4171 794 4234; x_wconf 75' lang='lat' dir='ltr'><strong><em>deputes</em></strong></span> <span class='ocrx_word' id='word_1_376' title='bbox 808 4183 875 4226; x_wconf 78' lang='lat' dir='ltr'><strong><em>sace,</em></strong></span> <span class='ocrx_word' id='word_1_377' title='bbox 891 4182 912 4216; x_wconf 90' lang='lat' dir='ltr'><strong><em>c.</em></strong></span> <span class='ocrx_word' id='word_1_378' title='bbox 929 4179 946 4228; x_wconf 87' lang='lat'><strong><em>1,</em></strong></span> <span class='ocrx_word' id='word_1_379' title='bbox 961 4178 990 4228; x_wconf 87' lang='grc' dir='ltr'><strong><em>ιι,</em></strong></span> <span class='ocrx_word' id='word_1_380' title='bbox 1003 4182 1043 4231; x_wconf 90' lang='lat' dir='ltr'><strong><em>ap.</em></strong></span> <span class='ocrx_word' id='word_1_381' title='bbox 1060 4167 1153 4229; x_wconf 77' lang='lat' dir='ltr'><strong><em>iiigne,</em></strong></span> <span class='ocrx_word' id='word_1_382' title='bbox 1165 4167 1194 4216; x_wconf 84' lang='lat' dir='ltr'><strong><em>P.</em></strong></span> <span class='ocrx_word' id='word_1_383' title='bbox 1206 4167 1245 4227; x_wconf 85' lang='lat' dir='ltr'><strong><em>L.,</em></strong></span> 
     </span>
     <span class='ocr_line' id='line_1_40' title="bbox 180 4245 1248 4314; baseline 0 -17"><span class='ocrx_word' id='word_1_384' title='bbox 180 4253 199 4296; x_wconf 89' lang='lat' dir='ltr'><strong><em>t.</em></strong></span> <span class='ocrx_word' id='word_1_385' title='bbox 210 4249 264 4307; x_wconf 80' lang='lat' dir='ltr'><strong><em>XX,</em></strong></span> <span class='ocrx_word' id='word_1_386' title='bbox 283 4262 307 4310; x_wconf 92' lang='lat' dir='ltr'><strong><em>p.</em></strong></span> <span class='ocrx_word' id='word_1_387' title='bbox 318 4249 402 4299; x_wconf 72' lang='lat' dir='ltr'><strong><em>dii-2:</em></strong></span> <span class='ocrx_word' id='word_1_388' title='bbox 414 4249 484 4312; x_wconf 78' lang='lat' dir='ltr'><strong><em>iaiii,</em></strong></span> <span class='ocrx_word' id='word_1_389' title='bbox 496 4264 519 4298; x_wconf 91' lang='lat' dir='ltr'><strong><em>n.</em></strong></span> <span class='ocrx_word' id='word_1_390' title='bbox 528 4252 583 4314; x_wconf 77' lang='lat' dir='ltr'><strong><em>ait)</em></strong></span> <span class='ocrx_word' id='word_1_391' title='bbox 590 4265 598 4312; x_wconf 91' lang='lat'>;</span> <span class='ocrx_word' id='word_1_392' title='bbox 616 4257 688 4314; x_wconf 87' lang='lat' dir='ltr'><strong><em>atque</em></strong></span> <span class='ocrx_word' id='word_1_393' title='bbox 698 4252 749 4312; x_wconf 69' lang='lat' dir='ltr'><strong><em>eius</em></strong></span> <span class='ocrx_word' id='word_1_394' title='bbox 761 4249 879 4309; x_wconf 90' lang='lat' dir='ltr'><strong><em>decessor,</em></strong></span> <span class='ocrx_word' id='word_1_395' title='bbox 892 4247 1045 4301; x_wconf 87' lang='lat' dir='ltr'><strong><em>innocentius</em></strong></span> <span class='ocrx_word' id='word_1_396' title='bbox 1057 4252 1076 4308; x_wconf 85' lang='lat' dir='ltr'><strong><em>i,</em></strong></span> <span class='ocrx_word' id='word_1_397' title='bbox 1090 4247 1114 4301; x_wconf 88' lang='lat' dir='ltr'><strong><em>iu</em></strong></span> <span class='ocrx_word' id='word_1_398' title='bbox 1126 4245 1248 4300; x_wconf 77' lang='lat' dir='ltr'><strong><em>eademne</em></strong></span> 
     </span>
    </p>
   </div>
   <div class='ocr_carea' id='block_1_4' title="bbox 0 0 1508 5050">
    <p class='ocr_par' dir='ltr' id='par_1_7' title="bbox 0 0 1508 5050">
     <span class='ocr_line' id='line_1_41' title="bbox 0 0 1508 5050; baseline 0 3"><span class='ocrx_word' id='word_1_399' title='bbox 0 0 1508 5050; x_wconf 95' lang='lat' dir='ltr'><strong><em> </em></strong></span> 
     </span>
    </p>
   </div>
  </div>
 </body>
</html>
