2944 5060
526 449 722 522 1111116111
748 453 863 520 anton
1179 468 1225 519 ais

161 609 219 667 rati
233 613 309 682 suni,
323 609 448 668 dicentes
461 610 539 684 quod
553 611 628 667 inter
641 627 763 668 canones
780 610 944 668 inveniatur
961 607 1118 682 capitulum
1133 609 1226 666 sancti

161 717 245 775 papae
257 700 428 771 lnnonentii,
444 701 526 772 cujus
539 701 707 756 auctoritate
720 701 858 757 doceatur
870 717 887 755 a
901 698 984 755 nohis
997 703 1151 771 utrumque
1162 699 1226 754 166-

160 791 323 844 tamentum
336 805 396 844 esse
410 789 618 862 recipiendum,
630 805 796 862 quanquam
808 787 839 842 in
849 787 918 860 ipsis
930 785 1056 860 patamis
1067 785 1225 843 canonibus

162 878 275 933 nullum
288 894 387 934 eorum
402 877 583 933 contineatur
596 895 632 933 ex
643 881 704 933 toto
720 875 890 934 insertum1.
905 875 1012 942 Quibus
1027 875 1064 931 ad
1077 876 1139 931 haec
1152 893 1227 932 asse-

161 967 286 1022 rendum
301 969 353 1035 est,
366 965 505 1040 quoniam
517 966 539 1021 si
554 968 642 1022 Vetus
655 967 821 1040 Nasumque
833 967 1051 1022 Testamentum
1060 963 1227 1037 recipienda

161 1058 237 1124 suut,
256 1072 315 1111 non
338 1051 415 1129 quod
437 1054 528 1111 codici
552 1072 696 1111 6666611111
715 1073 749 1110 ex
767 1058 829 1111 1616
852 1054 1013 1110 habeantur
1032 1070 1153 1122 annexa,
1177 1053 1227 1110 sed

162 1143 241 1216 quod
255 1144 291 1198 de
306 1143 351 1199 his
365 1143 536 1216 recipiendis
549 1143 640 1199 sancti
652 1160 735 1215 papie
747 1143 908 1200 Innocentii
921 1143 1033 1214 prolata
1043 1142 1226 1198 videturesse

161 1233 316 1301 sententia,
336 1236 425 1288 restat
443 1233 583 1288 nimirum
602 1232 680 1305 quod
698 1233 859 1288 decretates
881 1232 1009 1304 epistolae
1029 1233 1227 1288 Romanorum

160 1321 331 1394 pontificum
343 1325 409 1377 sunt
422 1321 605 1394 recipiendae,
619 1321 803 1377 etiamsinon
817 1325 885 1376 sunt
895 1337 1040 1376 canonum
1051 1319 1142 1376 codici
1150 1336 1228 1376 com·

161 1407 318 1482 paginatae,
331 1410 468 1483 quoniam
480 1409 555 1465 inter
569 1410 645 1481 ipsos
660 1427 785 1466 canones
800 1427 891 1464 unum
907 1411 939 1464 B.
957 1409 1058 1464 Leonis
1069 1409 1227 1481 capitulum

162 1503 275 1555 constat
289 1516 350 1555 esse
363 1498 546 1571 permistum,
560 1515 616 1571 quo
636 1498 676 1555 ita
695 1499 793 1555 omnia
813 1497 969 1554 decretalia
983 1497 1138 1555 constituta
1152 1498 1228 1553 sedis

162 1589 328 1660 apostolica
343 1587 480 1644 custodiri
494 1589 680 1657 mandantur,
690 1591 722 1643 ut
734 1587 829 1660 siquis
842 1588 873 1643 in
881 1587 931 1643 illa
940 1586 1132 1654 commiserit,
1144 1604 1228 1642 nove-

162 1677 203 1733 rit
221 1677 275 1732 sihi
287 1677 402 1733 veniam
417 1677 528 1749 negari.
543 1677 589 1732 Ait
607 1677 685 1733 enim
699 1676 823 1748 capitulo
834 1693 852 1731 v
864 1692 984 1731 suorum
999 1674 1226 1733 Decreialium²z

161 1767 280 1838 Nequit
292 1782 354 1822 6616
367 1768 404 1822 sit
417 1767 488 1838 quod
499 1768 738 1839 pretermissumu
751 1767 829 1822 nobis
839 1767 911 1834 sorte
923 1765 1061 1834 credatur,
1077 1768 1169 1820 616616
1182 1765 1228 1820 dc-

161 1857 279 1912 crctulic
295 1857 442 1911 constituto
460 1859 515 1911 tom
536 1855 619 1910 16616
636 1855 829 1910 recordationis
847 1855 1227 1924 16666661116666161661661

162 1945 331 2001 decessorum
351 1948 516 2012 nostrorum,
540 1959 601 2014 666
623 1943 655 1998 de
680 1945 867 1999 ecciesiasticis
886 1943 1029 1998 ordinibus
1048 1945 1073 1998 ct
1093 1957 1227 1998 66666616

159 2034 339 2105 6166616616
351 2037 416 2089 6661
428 2033 590 2103 disciplinis,
598 2035 639 2088 ito
653 2038 747 2088 uestra
756 2033 894 2088 dilectioni
909 2031 1042 2088 custodiri
1054 2032 1226 2102 mandamus,

163 2126 197 2178 ut
212 2125 237 2177 si
254 2125 317 2194 quis
331 2123 361 2178 16
377 2121 430 2177 illo
443 2124 615 2186 commiserit,
633 2122 740 2176 aeciam
755 2121 811 2176 sibi
824 2121 949 2190 deinceps
963 2121 1070 2175 6666111
1083 2119 1225 2190 (16666611.

164 2209 292 2268 [11661116
303 2225 369 2266 1616
380 2231 394 2263 u
405 2209 504 2265 omnia
512 2209 666 2265 decretalia
676 2209 860 2278 constituta»,
871 2209 984 2263 nullum
991 2207 1028 2264 dc
1037 2208 1227 2265 decretalibus

164 2298 327 2356 constitutis
339 2298 523 2371 praetermisit
537 2299 615 2370 quod
635 2315 693 2354 non
711 2297 893 2354 mandaverit
913 2314 974 2353 esse
994 2297 1225 2354 custodiendum.

166 2390 200 2444 Et
209 2405 306 2444 rursus
314 2387 467 2444 asserendo
478 2408 491 2441 c
501 2388 632 2443 omnium
639 2387 822 2444 decessorum
832 2389 1148 2457 nostroruma,nullum
1157 2404 1228 2459 pon·

164 2477 276 2533 tificum
289 2478 491 2534 Romanorum
510 2477 561 2550 qui
573 2479 638 2536 ania
656 2494 685 2532 se
697 2477 786 2532 fuerit
800 2476 919 2549 excepit,
939 2476 1020 2548 cujus
1032 2477 1071 2533 116
1084 2493 1228 2548 11611616-

165 2566 274 2637 ceperit
288 2564 445 2621 decretalia
457 2565 611 2622 constituta
625 2565 661 2620 ah
672 2565 806 2621 omnibus
820 2565 965 2633 custodiri,
981 2568 1013 2620 ut
1025 2565 1050 2621 si
1066 2565 1129 2638 quis
1139 2565 1168 2620 in
1177 2565 1228 2620 illa

164 2653 352 2722 commiserit,
372 2653 486 2709 veniam
508 2653 561 2709 sibi
584 2653 718 2726 deinceps
739 2656 851 2711 noverit
875 2653 1021 2724 denegari.
1038 2656 1137 2726 ltaque
1156 2653 1228 2709 nihil

164 2744 285 2799 interest
304 2746 402 2798 utrum
422 2743 479 2799 siut
500 2741 599 2798 omnia
620 2743 775 2800 decretalia
793 2743 868 2800 sedis
889 2743 1053 2815 apostolica
1072 2743 1229 2799 constituta

164 2832 243 2888 inter
264 2848 388 2887 canones
407 2831 594 2887 conciliorum
617 2831 754 2901 immista,
777 2848 844 2887 cum
863 2831 963 2888 omnia
981 2832 1010 2886 in
1029 2847 1088 2887 uno
1108 2847 1228 2902 corpore

166 2920 365 2994 compaginari
383 2936 441 2976 non
458 2920 576 2992 possint,
599 2923 629 2976 et
645 2919 695 2976 illa
715 2920 756 2975 eis
772 2920 905 2976 intersint
919 2935 983 2992 quae
996 2919 1165 2975 firmitatem
1184 2920 1228 2976 his

167 3026 231 3083 quae
245 3009 348 3066 desunt
368 3011 396 3064 61
409 3007 541 3080 rigorem
553 3025 636 3064 suum
649 3008 810 3081 assignent;
822 3008 983 3082 prasertim
995 3024 1062 3063 cum
1077 3008 1228 3081 synodalia

166 3102 248 3171 gesta
260 3097 335 3153 inter
350 3114 414 3170 quae
428 3096 481 3171 ipsi
496 3115 620 3154 canones
634 3098 733 3154 statuti
746 3101 822 3166 sunt,
836 3099 868 3153 in
881 3096 979 3154 codice
1002 3114 1147 3153 canonum
1168 3114 1228 3153 non
1269 3129 1271 3132 ·

165 3189 338 3256 habeantur,
353 3187 435 3243 seda
454 3187 536 3242 nobis
555 3187 635 3242 omni
653 3187 731 3243 cultu
750 3186 848 3243 debito
870 3188 1055 3245 venerantur.
1082 3187 1229 3242 Consonat

167 3280 265 3334 autem
278 3275 345 3332 huic
357 3276 523 3332 beatissimo
537 3290 620 3348 papae
631 3275 720 3332 Leoni
732 3278 846 3330 sanctus
861 3278 890 3330 et
901 3275 1121 3331 facundissimus
1135 3275 1166 3330 in
1182 3275 1228 3330 de·

166 3365 252 3422 cretis
264 3364 324 3420 suis
337 3381 414 3436 papa
432 3364 569 3432 Gelonus,
589 3362 644 3420 ita³
663 3363 815 3436 inquiens:
836 3364 988 3419 Decretatcs
1007 3364 1144 3434 epistolas,
1159 3378 1229 3433 quos

167 3455 318 3511 beatissimi
338 3469 418 3526 6666
438 3453 555 3509 diuersis
572 3453 736 3523 temporibus
755 3453 788 3508 dc
803 3452 870 3507 urbe
888 3455 973 3508 Romo
988 3469 1041 3522 616
1060 3453 1229 3508 diversorum

166 3547 278 3600 Petrum
286 3542 478 3598 consultatione
486 3542 628 3609 dederam,
637 3541 1022 3613 6666611111611666161661161
1032 3540 1226 3598 (166616116614.

198 3696 222 3744 1.
239 3691 389 3741 Innocentius
406 3683 418 3740 Ῑ
440 3689 570 3755 Exsuperio
589 3687 703 3739 Tolosano
721 3689 795 3754 episc.
814 3690 935 3754 scribens,
956 3691 1078 3742 canonem
1098 3689 1228 3740 Sacrarum

166 3770 346 3835 scripturarum
360 3769 550 3836 promulgaverat
568 3767 671 3833 (trigue,
686 3771 705 3818 1.
721 3769 820 3834 LXVII,
834 3785 859 3835 p.
873 3771 964 3834 218,1.
979 3768 1076 3833 xxvn),
1095 3782 1167 3832 quem
1182 3767 1228 3817 lico

165 3851 218 3902 loco
231 3850 371 3902 Anastasius
385 3850 513 3912 siguificat.

197 3933 221 3982 2.
239 3933 296 3982 flac
319 3931 392 3981 etiam
412 3946 426 3981 a
443 3931 588 3982 Collectione
608 3935 732 3986 canonum
754 3929 901 3994 Dionyslana
923 3933 1058 3980 sumuntur.
1081 3929 1113 3979 V.
1134 3927 1227 3992 Miglis,

165 4019 186 4062 1.
199 4013 299 4074 LXVII,
314 4013 407 4075 6281,
422 4025 445 4061 c.
459 4023 484 4060 1.

198 4093 308 4154 111616,
323 4106 363 4155 66.
378 4093 494 4141 coustant
505 4092 532 4156 (l.
545 4093 588 4158 1.).

198 4176 223 4223 1.
238 4173 269 4224 V.
284 4171 371 4222 Gelasii
389 4172 544 4223 Decretalem
559 4173 591 4222 de
607 4171 761 4236 recipiendis
779 4174 807 4221 et
823 4185 874 4220 666
887 4168 1038 4234 recipiendis
1052 4169 1135 4231 1111111,
1154 4185 1177 4220 6.
1197 4181 1228 4222 111

168 4254 208 4319 (Α.
220 4251 302 4318 Thlel,
315 4252 437 4318 Epistola
452 4253 620 4306 limianorum
636 4251 819 4318 pontificuma
837 4252 865 4302 S.
881 4237 969 4302 Hilaro
988 4249 1023 4302 cd
1045 4251 1176 4317 Pelopiam
1195 4251 1228 4316 11,

167 4349 191 4399 p.
206 4333 273 4397 118).
