3006 5050
262 401 305 448 lto
350 369 1234 450 tnnssnstllnotstttuttlsxnr1ssottsufcotll
1256 397 1267 446 l

260 542 416 629 exempla,
433 540 552 626 quibus
572 541 640 608 hmo
667 539 785 627 agendi
805 539 887 608 ratio
912 538 1018 626 magis
1042 559 1079 607 ac
1104 539 1210 628 magis
1233 539 1325 608 illus-

262 665 377 724 tretur.

303 769 334 837 N
336 790 370 838 ec
383 769 473 850 enim
487 779 556 837 erat
571 779 639 837 tam
651 769 800 838 indoctus
814 770 1020 858 Anastasius,
1036 778 1104 838 tam
1117 769 1207 838 rudis
1220 770 1255 837 in
1269 791 1328 837 an·

259 884 407 972 tiquitate
422 884 634 952 ecclesiastica
648 894 697 973 ut,
706 906 787 973 opus
802 884 1166 954 Pseudo-Isidorianum
1179 905 1329 973 perscru-

260 999 370 1086 tando,
386 999 422 1066 in
443 1020 481 1067 eo
498 1020 564 1067 non
580 999 694 1069 viderit
708 999 857 1087 quaedam
873 1021 942 1069 esse
957 1000 1145 1068 communia
1168 1021 1243 1068 cum
1259 1000 1328 1067 aliis

260 1113 483 1182 monumentis
505 1123 536 1182 et
559 1113 666 1201 libris,
690 1135 749 1182 nec
772 1114 843 1203 ejus
857 1115 975 1204 fontes,
996 1125 1034 1182 ut
1054 1115 1099 1182 ita
1123 1116 1242 1203 dicam,
1267 1115 1326 1182 ali·

260 1229 391 1316 quando
414 1229 586 1297 invenerit.
613 1228 740 1310 Quibus
761 1229 915 1318 inventis,
927 1230 954 1299 si
969 1230 1048 1318 quid
1063 1241 1148 1298 esset
1168 1230 1210 1297 ad
1228 1249 1324 1298 suum

198 1331 199 1336 ἵ
259 1344 481 1430 commodum,
497 1344 530 1411 id
549 1344 584 1411 io
601 1343 752 1432 epistulas
765 1344 889 1412 Nicolai
905 1345 1132 1430 transferebat,
1149 1365 1215 1412 non
1230 1344 1325 1413 falsas

260 1459 435 1528 decretales
449 1459 658 1546 nominatim,
671 1459 727 1527 sed
739 1469 842 1529 certas
856 1470 984 1527 tantum
996 1460 1202 1528 auctoritates
1218 1470 1326 1549 aperte

261 1595 422 1663 evocans3
453 1575 540 1662 quod
568 1586 697 1662 tamen,
726 1577 875 1663 quamvis
902 1577 999 1644 homo
1030 1576 1258 1662 cautissimus,
1283 1577 1327 1643 ita

261 1711 499 1778 nonnunquam
513 1691 592 1779 egit,
609 1699 646 1758 ut
661 1691 794 1778 vestigia
810 1691 888 1760 artis
898 1711 965 1760 suec
978 1692 1189 1781 relinqueret,
1202 1702 1241 1759 ut
1252 1711 1328 1760 eum

260 1827 298 1874 cx
317 1805 514 1895 quibusdam
533 1805 663 1873 indiciis
683 1816 802 1894 pateat,
818 1807 898 1875 dum
917 1827 990 1876 vera
1011 1808 1186 1895 appellaret
1207 1827 1331 1875 monu-

261 1931 383 2009 menta,
399 1921 479 1990 lalsa
494 1921 593 1988 etiam
608 1921 669 1989 sub
685 1921 785 1989 oculis
800 1917 954 1990 habuisse
967 1943 1005 1990 ac
1019 1921 1276 2010 transcripsisse.

303 2040 462 2124 Namque,
480 2047 516 2103 ut
531 2057 633 2124 pauca
645 2037 685 2104 de
696 2038 808 2104 multis
824 2037 974 2126 referam,
990 2037 1088 2104 modo
1100 2037 1329 2125 ostendebam,

260 2152 347 2240 quod
363 2151 649 2220 Pseudo-Isidorus
663 2150 702 2219 de
715 2151 903 2242 ecceptione
920 2153 1020 2242 spolii
1035 2153 1189 2240 instituit,
1203 2153 1237 2220 id
1254 2174 1328 2240 par-

260 2270 320 2334 tim
334 2271 488 2336 baustum
501 2287 571 2335 esse
584 2289 619 2336 ex
635 2267 757 2354 synodo
768 2267 1019 2356 Symmachiana
1029 2280 1156 2356 quarta,
1172 2277 1270 2357 atque
1284 2271 1330 2337 ad

207 2442 209 2444 ,
260 2383 423 2469 exemplar
439 2381 803 2470 Symmachianaesortis
814 2386 949 2452 conficta
960 2383 1111 2452 fuisseab
1122 2384 1329 2452 istofalsario

261 2497 405 2582 plurium
415 2518 573 2587 paparum
587 2499 733 2587 decreta3
750 2499 1049 2568 ostendebamitem
1061 2502 1122 2568 hoc
1135 2500 1326 2568 institutum

261 2610 301 2680 de
325 2621 514 2702 exceptione
536 2613 636 2704 spolii
662 2614 701 2680 ad
730 2635 862 2682 causam
889 2615 1028 2683 Rothadi
1054 2615 1196 2703 episcopi
1223 2614 1328 2684 fuisse

258 2730 551 2798 accommodatum.
587 2729 682 2796 Nunc
712 2739 821 2798 autem
857 2730 1101 2799 consideremus
1134 2751 1172 2798 ex
1204 2730 1328 2818 quibus

261 2845 508 2912 auctoritatibus
526 2844 560 2911 id
579 2844 750 2913 Nicolaum
770 2845 874 2932 egisse
894 2846 1088 2914 Anastasius
1108 2843 1326 2934 contenderit,

260 2956 383 3044 quibus
403 2958 606 3046 antiquitatis
627 2959 850 3036 monumentis
865 2958 1105 3028 Rotbadianam
1124 2960 1213 3027 illam
1232 2958 1331 3028 resti·

260 3071 422 3138 tutionem
436 3072 630 3161 defenderit.

304 3183 336 3252 Is
359 3185 461 3274 enim,
482 3207 520 3256 ex
539 3189 661 3257 Nicolai
681 3189 697 3256 l
721 3211 872 3279 persona,
892 3192 933 3259 ad
954 3190 1105 3259 Carolum
1128 3190 1265 3260 Calvum
1286 3191 1328 3260 de

259 3299 408 3370 Rothado
427 3303 588 3391 scribens,
608 3305 744 3374 ineunte
761 3329 791 3374 a.
807 3308 885 3394 865,
901 3307 946 3375 sic
958 3328 1127 3375 summum
1139 3307 1328 3396 pontificem

260 3417 412 3485 novitatis
432 3417 614 3505 suspicione
634 3420 670 3488 in
690 3423 750 3489 hac
773 3443 808 3490 re
830 3421 975 3490 liberat:
1001 3421 1120 3490 «Sciat
1142 3420 1328 3490 sublimitas

259 3542 377 3619 vestra,
392 3531 500 3620 inquit
514 3533 580 3620 ille,
597 3534 664 3603 Deo
685 3537 798 3623 opifice
819 3559 837 3604 a
857 3537 951 3606 nobis
972 3557 1056 3624 saepe
1076 3536 1180 3606 iatum
1201 3538 1326 3624 episco-

259 3667 338 3732 pum
352 3647 497 3735 pristimo
509 3648 660 3736 dignitati
679 3661 711 3718 et
727 3652 868 3720 ecclesiae
888 3653 1133 3721 restitutum...
1151 3651 1214 3740 Ne,
1232 3672 1326 3740 que-

260 3783 387 3849 sumus,
404 3762 531 3831 dicatur
545 3764 584 3833 de
599 3763 694 3832 nobis
708 3768 902 3854 procedente
917 3777 1062 3856 ternpore
1076 3768 1162 3854 quod
1177 3789 1268 3836 nunc
1282 3767 1324 3836 de

259 3876 456 3946 Theodorico
466 3880 584 3967 scripto
596 3878 771 3968 profertur.
787 3881 864 3970 Qui,
877 3895 951 3952 ante
960 3883 1149 3972 patrimonii
1163 3885 1211 3950 vel
1221 3883 1327 3951 eccle·

260 3989 383 4060 siarum
405 4015 485 4082 quas
510 3995 663 4064 amiserat
685 3997 917 4086 receptionem,
934 4019 1052 4088 papam
1073 3997 1325 4086 Symmachum,

258 4111 369 4191 utpote
383 4109 527 4179 Arianus
540 4122 572 4180 et
584 4112 851 4181 sceleratissimus
866 4134 933 4201 rex,
950 4135 1024 4181 cum
1038 4111 1327 4201 impugnatoribus

259 4217 376 4287 suisio
394 4221 659 4312 disceptationem
679 4227 854 4315 confligere
864 4227 977 4316 jussit,
992 4249 1068 4296 cum
1084 4238 1242 4316 potestate
1256 4225 1328 4314 ejus
