3006 5050
415 474 460 524 ΕΤ
485 473 705 526 conrosul'r
730 473 775 524 ET
799 473 981 526 nlcrnvlr
1184 475 1229 527 111

164 635 280 684 eorum
326 614 432 684 clades
478 617 627 704 maleque
664 625 810 704 pugnata
849 616 959 704 prelia
997 616 1044 686 sic
1081 614 1229 688 alludens

163 739 351 798 memorat:
372 753 389 796 n
406 729 497 814 Quid
519 730 605 798 moli
626 731 768 821 ferimus
792 730 883 802 nos?
903 733 997 800 Certe
1012 753 1081 800 non
1098 733 1229 800 Oretum

164 843 362 932 invasimus,
384 867 452 912 non
467 845 621 914 Siciliam
634 827 1024 932 exterminavimus,non
1037 845 1231 915 innumeras

168 960 292 1027 &nois
313 959 475 1050 subjectos
496 961 686 1052 provincias
711 959 938 1046 obtinnimns;
957 972 1135 1052 postremo,
1162 983 1230 1028 non

165 1075 315 1142 ecelesias
339 1089 543 1162 sanctornm,
563 1076 742 1167 interfectis
764 1076 949 1144 numerosis
976 1075 1178 1164 bominibus,
1191 1097 1231 1144 nc

164 1190 359 1260 suburbana
388 1191 735 1282 Constantinopoleos,
761 1214 837 1282 quae
859 1204 891 1259 et
915 1191 1020 1258 muris
1040 1191 1115 1280 ejus
1133 1211 1232 1282 paene

165 1307 325 1396 sontique
343 1317 433 1392 sunt,
457 1304 697 1375 incendimns¹.
714 1329 731 1373 u

211 1422 289 1490 Haec
303 1420 497 1491 Anastasius
512 1422 551 1490 ad
563 1421 745 1491 orientales
756 1422 919 1512 scribens3
935 1443 1024 1491 nunc
1036 1421 1075 1491 ad
1090 1423 1231 1510 reliquas

165 1535 293 1604 Nicolai
307 1537 457 1623 epistolas
470 1537 650 1605 veniamus.

211 1651 255 1719 Et
268 1651 401 1739 quidem
416 1651 538 1719 mirum
560 1661 609 1720 est
626 1671 726 1740 quam
744 1673 841 1741 sape,
868 1651 1130 1722 Occidentalibus
1152 1652 1231 1720 viris

166 1766 327 1853 scribens,
353 1765 534 1853 epistolarIs
563 1767 749 1854 pontificius
772 1768 832 1835 buc
854 1767 952 1835 etiam
974 1775 1042 1834 arte
1068 1764 1230 1834 refutandi

167 1891 293 1970 utatur,
309 1903 409 1970 quarn
429 1882 542 1951 creber
569 1890 602 1950 et
624 1882 760 1951 acerbus
776 1883 813 1950 in
832 1882 949 1963 incula,
965 1891 1088 1969 quanta
1102 1879 1231 1949 solertia

167 2019 208 2067 ex
224 1998 318 2092 dinis
334 1997 490 2084 factisque
508 1996 768 2066 adversariorum
790 1997 902 2084 plagas
920 1997 1074 2066 advenus
1098 2015 1153 2066 eos
1177 1995 1232 2064 in-

168 2123 278 2180 texere
301 2112 412 2180 soleat.

203 2225 444 2306 *coerentibus
454 2227 544 2296 enim
557 2227 715 2315 episcopis
724 2227 896 2315 provinciae
911 2225 1109 2296 Senonensis
1122 2243 1232 2294 nonne

167 2340 406 2428 Herimannus,
430 2342 566 2411 insaniae
584 2362 694 2430 causa,
716 2343 901 2432 episcopatu
920 2350 1004 2410 esset
1017 2338 1231 2429 dejiciendus,

167 2459 217 2526 sic
239 2457 292 2526 ille
309 2458 559 2528 inconstantiam
585 2458 686 2548 ‘hujus
711 2458 974 2546 interrogationis
999 2467 1032 2526 et
1056 2477 1167 2526 rerum
1191 2457 1232 2526 ab

168 2572 328 2660 episcopis
357 2582 525 2659 gestarum
552 2575 700 2661 coarguit
731 2596 741 2643 ε
775 2598 792 2640 u
820 2576 904 2642 Cum
944 2572 1095 2641 dixeritis
1137 2571 1233 2640 illum

167 2687 445 2778 (Herimannum)
459 2686 657 2757 sacerdotale
675 2711 742 2755 non
760 2689 906 2780 potuisse
920 2687 1058 2778 implere
1083 2698 1168 2754 reete
1181 2687 1234 2775 of·

164 2803 298 2894 fieirtm,
312 2825 487 2894 sensusque
501 2804 724 2895 integritatem
737 2805 898 2892 omisisse,
910 2804 1077 2871 miremur
1088 2823 1233 2870 reomen-

168 2919 253 2986 tiom
266 2930 409 2987 vescam
420 2941 496 2987 enm
510 2921 621 2987 venire
636 2918 683 2986 ud
693 2919 856 3010 synodum
869 2919 1029 3009 coepisse:
1044 2919 1233 3009 presertim

167 3055 248 3102 cum
261 3033 327 3124 ipsi
339 3035 503 3103 testemini
513 3035 631 3102 insono
644 3035 896 3122 itincsime'lem,
906 3047 937 3102 et
945 3035 981 3102 in
995 3032 1111 3103 endem
1125 3031 1235 3102 edituo

167 3148 369 3238 infirmitate
382 3173 518 3218 monere
529 3151 554 3219 ².
573 3177 591 3213 2>

218 3265 417 3335 IIincmarus
430 3266 616 3351 Remeusis,
632 3287 709 3336 cum
732 3266 896 3335 aNicolao
914 3265 944 3354 I,
960 3275 1092 3356 propter
1110 3263 1236 3335 Wulia·

169 3380 254 3449 dum
271 3381 501 3469 presbyterum
518 3381 655 3470 ejusque
678 3382 815 3469 collegas
839 3401 930 3450 sacro
944 3381 1060 3450 ordine
1080 3381 1235 3471 dejectos,

207 3607 230 3653 1.
248 3603 293 3651 llic
312 3603 452 3652 Anastasius
473 3602 538 3653 haud
556 3604 657 3654 obscure
675 3603 795 3665 signifieat
817 3603 927 3654 incendia
946 3603 1055 3654 suburbii
1074 3601 1240 3668 Byzantinis

131 3719 134 3728 .
171 3684 272 3745 Crumo,
290 3683 449 3744 Bulgarerum
458 3683 526 3747 duce,
537 3683 599 3733 iacta
613 3699 636 3734 a.
649 3685 705 3734 813.
718 3684 771 3743 Qua
785 3683 815 3734 de
827 3699 851 3734 re
864 3683 898 3734 sic
907 3685 1063 3756 Theophanes
1072 3683 1104 3732 ab
1114 3681 1240 3733 Anastasio

169 3761 324 3812 translatus:
341 3766 500 3814 «Crumus...
516 3765 588 3813 misso
611 3779 681 3814 cursu
698 3764 728 3813 ad
749 3765 774 3815 S.
799 3766 914 3827 illamam,
931 3765 1044 3830 palatium
1065 3763 1113 3813 illic
1130 3763 1240 3812 babitum

170 3842 281 3891 incendit
293 3859 307 3888 ι
321 3842 425 3906 (iligna,
438 3845 469 3893 P.
493 3843 566 3904 6.,1.
580 3843 669 3906 CVIII,
684 3857 708 3906 p.
725 3845 811 3903 1128);
826 3849 851 3892 et
867 3850 948 3894 auctor
962 3845 1066 3894 Incertus
1080 3843 1142 3892 Vitae
1154 3840 1240 3890 Leonis

169 3921 281 3972 Armeni
301 3937 310 3971 .·
333 3921 497 3984 «Bulgari...
518 3928 616 3973 cunctas
638 3922 751 3972 ecclesias
768 3929 836 3972 trans
865 3925 970 3973 ciuitatis
997 3930 1090 3987 portam
1117 3919 1241 3984 preclaras

170 4001 282 4066 quasvis,
305 4007 330 4050 et
349 4001 380 4051 ab
397 4004 473 4066 Irene,
491 4003 626 4067 Nicephoro
647 4015 678 4052 et·
692 4003 809 4053 Michaela
830 4010 961 4068 reparatas,
981 4013 1070 4050 necnon
1087 3999 1240 4061 monasteria,

170 4078 273 4145 palatia,
289 4080 381 4144 domos,
396 4083 532 4132 suburbana
544 4082 751 4132 combusserunt»
768 4084 868 4147 (Migne,
886 4081 955 4143 ibid,
970 4079 1084 4145 pluis).

206 4162 231 4209 2.
248 4159 340 4211 Nicolai
358 4163 474 4226 Epistola
488 4163 525 4212 od
542 4162 697 4213 Wenr'lonem
713 4163 819 4228 ejusque
831 4162 988 4226 coepiscopos
1000 4158 1104 4222 (illigas,
1119 4161 1139 4208 t.
1154 4157 1242 4213 cxlx,

170 4253 216 4304 ep.
241 4243 264 4299 1,
289 4256 315 4305 ρ.
337 4243 398 4306 llb;
418 4242 488 4307 raus,
508 4258 534 4294 n.
549 4244 632 4308 atti).
655 4244 691 4296 De
714 4241 853 4294 Heriuranui
877 4253 949 4290 cause
962 4237 1038 4288 lusius
1053 4252 1100 4302 ego
1119 4239 1144 4288 in
1164 4239 1243 4304 capite

172 4325 304 4384 sequente.
