2960 5052
290 476 388 526 ORTU
409 476 532 534 ATQUE
554 475 826 526 tosrtrttrtortr:
847 475 1091 528 btsrurnrua
1190 478 1219 528 id

165 629 251 684 nunc
270 627 380 685 autem
405 617 485 685 illud
510 617 694 705 videamus,
719 616 807 705 quod
830 625 941 684 nostra
960 617 1100 686 maxime
1117 618 1219 686 inter-

164 742 229 816 est,
254 754 335 799 num
361 733 481 800 scilicet
505 735 644 820 aequales
665 732 901 800 bibliothecarii
926 733 1046 820 nostri,
1068 733 1126 820 qui
1147 733 1223 820 qui-

161 848 238 916 dem
268 849 378 917 latinis
402 849 518 918 litteris
545 851 640 936 paulo
671 848 862 918 eruditiores
896 857 1006 935 erant,
1040 869 1221 934 grecorum

164 965 263 1034 etiam
294 965 476 1032 litterarum
510 964 676 1033 meliorem
718 963 866 1032 notitiam
899 985 936 1032 ao
967 973 1043 1032 rotas
1074 965 1223 1053 superior

164 1079 353 1148 habuerint.

210 1194 330 1281 Vulgo,
354 1194 439 1262 inter
458 1195 557 1262 seculi
584 1193 661 1261 noni
684 1194 861 1281 Romanos,
877 1193 1044 1262 iohannes
1068 1195 1223 1264 diaconus

163 1321 261 1397 atque
274 1308 379 1378 Ursus
399 1309 629 1395 subdiaconus,
646 1307 769 1376 Nicolai
798 1308 920 1398 papaeI
944 1309 1102 1398 medicus,
1122 1311 1225 1379 citan-

161 1435 217 1492 tur
244 1437 402 1512 tanquam
430 1424 527 1510 graeci
556 1424 716 1492 sermonis
737 1423 856 1512 periti¹
878 1445 888 1493 t
913 1447 977 1512 quo
1002 1426 1085 1493 nihil
1110 1427 1226 1494 incau-

164 1541 230 1607 tius
247 1540 311 1606 dici
327 1540 443 1628 potuit.
461 1539 513 1606 Ad
528 1539 670 1627 priorem
684 1540 773 1607 enim
787 1540 873 1626 quod
895 1539 1022 1628 attinet,
1037 1551 1086 1608 est
1099 1551 1225 1609 certum

164 1655 390 1724 testimonium
414 1675 451 1722 ex
469 1676 534 1742 quo
557 1676 633 1722 eum
658 1663 783 1723 constet
810 1676 923 1742 graeoae
944 1655 1065 1742 lingua
1093 1677 1226 1744 prorsus

162 1780 330 1857 expertem
355 1769 452 1838 fuisse
470 1791 479 1838 :
497 1771 553 1856 qui
576 1770 748 1855 nimirum,
770 1791 845 1838 curn
871 1771 985 1858 grecis
1008 1771 1131 1858 aliquot
1153 1791 1226 1858 ope·

165 1885 258 1953 ribus
272 1886 321 1952 uti
332 1886 366 1951 in
382 1885 449 1952 suis
464 1883 695 1971 componendis
713 1884 807 1953 libris
826 1893 970 1972 cuperet,
987 1905 1024 1953 ea
1037 1886 1145 1972 legere
1161 1906 1227 1954 non

167 2001 321 2087 potuerit,
342 2010 517 2088 antequam
538 2009 646 2068 essent
668 1999 709 2066 ab
731 2000 902 2068 Anastasio
921 2000 1165 2088 bibliothecario
1192 2000 1226 2068 in

168 2115 309 2183 latinum
329 2135 515 2183 sermonem
527 2116 682 2182 translata
694 2113 720 2181 ².

212 2233 321 2316 Atque
344 2231 432 2299 idem
451 2231 588 2298 omnino
607 2229 783 2300 dicendum
806 2239 854 2299 est
876 2231 916 2298 de
942 2229 1039 2315 Urso,
1064 2229 1186 2298 Nicolai
1213 2230 1228 2298 I

163 2347 307 2433 medico,
334 2367 433 2434 quem
458 2346 652 2414 recentiores
675 2346 778 2414 critici
800 2345 879 2412 falso
907 2347 1094 2413 existimant
1117 2345 1228 2414 Vitam

170 2460 205 2530 S.
223 2462 335 2530 Basilii
361 2465 578 2550 apocrypham
601 2482 619 2530 c
641 2482 746 2548 gracco
771 2481 920 2530 sermone
939 2461 974 2528 in
992 2454 1132 2529 latinum
1151 2483 1230 2530 con-

168 2579 314 2646 vertisse.
333 2577 486 2645 Errorem
505 2585 615 2645 autem
629 2576 767 2664 praebuit
781 2577 865 2663 quod
886 2577 920 2643 in
938 2578 1050 2665 paucis
1064 2578 1229 2645 codicibus

170 2691 400 2777 manuscriptis
419 2691 495 2760 huic
522 2691 603 2759 Vitae
623 2689 658 2760 S.
677 2690 788 2760 Basilii
803 2691 902 2760 latine
923 2691 1055 2760 reddita
1071 2691 1230 2778 Prologus

169 2808 304 2895 quidam
325 2806 529 2894 praescriptus
548 2817 597 2875 est
607 2804 631 2893 ³,
647 2807 741 2895 cujus
755 2816 867 2874 auctor
881 2826 916 2873 se
929 2805 1052 2875 Ursum
1066 2806 1228 2876 nominari

171 2943 309 3010 eamque
335 2922 580 2990 translationem
598 2921 692 3010 jussu
714 2921 876 3008 Gregorii,
898 2921 989 2988 ducis
1013 2920 1229 3010 Neapolitani,

171 3039 323 3106 adortum
347 3057 416 3105 esse
446 3036 587 3107 declarat
596 3035 621 3106 ⁴.
652 3037 733 3118 Quis
758 3038 801 3105 sit
826 3035 930 3106 Ursus
953 3036 1025 3120 ille,
1058 3036 1115 3124 qui
1143 3039 1231 3104 huno

171 3236 295 3286 nunquam
317 3220 392 3285 possit
410 3220 602 3284 animadvertis,
630 3227 676 3272 etc.
702 3219 822 3272 Anastasii
845 3219 968 3284 Ρνωῐαὶἱο
989 3221 1016 3270 in
1035 3220 1168 3286 synodum
1190 3218 1236 3272 Vl!

172 3303 274 3365 (Migoa,
284 3307 303 3350 t.
315 3302 423 3362 CXXlX,
434 3317 458 3366 p.
468 3301 532 3364 195).

204 3386 229 3431 1.
243 3383 277 3431 V.
293 3379 459 3444 Gregororius,
474 3380 618 3430 Geaehicble
627 3379 674 3430 der
683 3380 762 3431 stadt
770 3381 841 3442 liom,
852 3384 871 3428 t.
882 3380 927 3443 Ill,
940 3383 1016 3444 p.15l
1026 3399 1033 3442 3
1045 3381 1232 3444 Hergenrothcr,

172 3461 290 3521 Plotius,
305 3467 325 3509 t.
337 3461 366 3524 ΙΙ,
381 3475 406 3524 p.
422 3461 503 3510 233-4.

205 3543 229 3588 2.
242 3541 276 3589 V.
288 3539 411 3588 Anastasii
422 3541 502 3604 Epist.
514 3539 551 3590 od
561 3538 706 3610 Iohannem
712 3539 825 3605 levitam,
837 3556 876 3606 ap.
887 3541 980 3603 Migne,
993 3540 1101 3604 CXXIX,
1112 3555 1136 3604 p.
1148 3541 1231 3603 tet-8,

173 3626 199 3669 et
213 3635 293 3684 supra,
308 3635 333 3684 p.
345 3622 385 3669 at.

204 3702 227 3751 3.
245 3701 322 3758 Quem
341 3699 446 3763 primum
462 3697 611 3748 bollandiani
626 3715 653 3749 ex
668 3699 749 3749 codice
764 3701 887 3751 Casinensi
908 3701 970 3765 typis
987 3699 1129 3749 mandarunt
1150 3699 1233 3761 (Junii,

174 3779 199 3828 d.
210 3781 249 3841 li,
264 3784 284 3828 t.
299 3779 331 3841 11,
346 3784 371 3828 ct
384 3793 423 3841 ap.
438 3778 530 3839 trigue,
543 3779 571 3826 Ρ.
588 3778 628 3841 G,
638 3784 658 3827 t.
670 3780 758 3843 XXlX,
769 3795 794 3843 p.
810 3776 1235 3844 cerettll.dliumetiamPrologum
1300 3773 1301 3776 ’

174 3857 319 3923 Rosweydus
333 3873 360 3908 ex
374 3857 455 3908 codioa
467 3859 570 3922 quodam
588 3857 740 3908 bibliothecae
756 3859 918 3909 Vallicellanae
940 3859 1024 3920 edidit,
1041 3873 1112 3921 quem
1128 3859 1158 3906 ab
1176 3859 1236 3908 Urso

175 3939 282 3988 Romano
294 3938 454 4002 compositum
468 3938 577 4001 opinatus
595 3944 632 3987 est
646 3939 679 4002 (r.
695 3954 734 4002 ap.
749 3941 840 4000 migne,
864 3940 893 3988 P.
912 3941 950 4002 L,
965 3944 984 3986 t.
1000 3939 1109 3999 LXXlll,
1125 3953 1149 4001 p.
1164 3939 1233 4002 293);

176 4017 218 4066 sed
230 4019 273 4067 hoc
288 4017 412 4082 scriptum,
430 4024 456 4067 ut
468 4019 519 4082 jam
534 4018 701 4067 animadvertit
711 4019 766 4070 toh.
778 4017 893 4070 Mabillon
912 4018 1036 4081 (Murcum
1048 4017 1175 4082 Italicum,
1185 4023 1204 4067 t.
1215 4021 1236 4082 l,

177 4103 241 4160 port.
262 4099 294 4159 ll,
318 4113 342 4162 p.
367 4097 417 4160 81),
443 4096 505 4146 nihil
524 4095 588 4145 aliud
608 4103 645 4146 est
664 4113 737 4162 quam
756 4098 877 4147 Anastasii
893 4096 1065 4146 bibliothecarii
1082 4097 1106 4146 in
1127 4099 1237 4149 eamdem

91 4225 99 4240 ,
177 4181 205 4228 S·
226 4176 308 4226 Basilii
332 4177 414 4226 Vitam
430 4178 549 4228 Praelatio.
568 4177 605 4226 Cl.
622 4179 741 4227 Anastasii
760 4178 940 4240 Praesalionem
961 4177 1089 4240 (Murcum
1107 4179 1236 4241 Italicum,

177 4256 210 4305 ibi
281 4257 355 4306 .82.

209 4255 358 4414 g'cpcujub·
370 4336 470 4401 (Basilii)
485 4337 563 4386 vitam
581 4342 606 4386 et
625 4340 738 4401 praclara
751 4336 872 4400 miracula,
885 4336 950 4396 cogis
962 4351 1001 4386 me
1015 4339 1112 4404 Ursum,
1131 4341 1237 4390 omnium

1100 4431 1113 4476 i
