2960 5052
674 1152 710 1222 ll

232 1329 235 1333 Ι
336 1369 553 1419 ANASTASIANI
580 1371 711 1419 INGENII
738 1371 844 1419 PRIMA
871 1371 1037 1420 rucmouu

151 1589 173 1640 1.
190 1589 341 1652 Anastasius,
355 1595 382 1640 ut
395 1589 501 1654 primum
515 1590 638 1655 presbyter
651 1592 678 1642 S.
692 1589 799 1642 Marcelli
815 1589 968 1641 cardinalias
984 1592 1064 1642 Leone
1078 1591 1114 1642 1v
1128 1591 1217 1641 consti·

182 1669 268 1732 luitur,
283 1669 443 1719 obedientiam
458 1670 549 1732 abjicit.
565 1697 596 1708 -
611 1671 643 1720 ll.
661 1669 720 1730 Quae
735 1684 808 1720 causa
827 1670 901 1720 luerit
920 1686 962 1720 cnr
982 1671 1045 1720 inter
1062 1669 1217 1721 dumtasium

183 1753 210 1798 et
224 1749 329 1798 Leonem
348 1763 435 1814 papam
449 1750 484 1799 1v
498 1755 565 1800 unta
578 1749 694 1800 exarserit
711 1751 842 1800 contentio.
855 1777 886 1788 -
903 1751 947 1802 lli.
964 1750 1119 1814 Anastasius,
1142 1750 1217 1800 electo

181 1830 235 1892 jam
255 1830 385 1880 benedicto
413 1831 457 1892 111,
481 1830 572 1882 Urbem
592 1829 684 1880 invadit
705 1843 876 1894 summumque
889 1831 1054 1895 pontificatum
1066 1831 1091 1880 ai
1103 1845 1218 1896 occupare

184 1915 292 1960 conatur.
302 1910 386 1963 -1v.
403 1910 467 1970 Quos
482 1909 553 1975 barjus
566 1909 678 1960 facinoris
688 1909 795 1959 conscios
805 1911 922 1974 precipue
936 1909 1057 1960 hebuerit.
1066 1936 1097 1947 -
1105 1911 1137 1960 V.
1153 1912 1217 1960 Num

184 1989 338 2052 Aumtasius,
355 1991 386 2040 ab
399 2004 427 2040 ea
443 1990 575 2041 ambitione
593 1989 737 2053 destitutus,
751 1989 782 2039 cd
797 1989 885 2039 bonam
898 1989 992 2052 frugem
1009 2004 1034 2040 se
1050 1990 1178 2055 receperit,
1192 1995 1218 2040 et

184 2084 288 2134 quonam
302 2084 399 2120 munere
413 2069 509 2121 iunctus
523 2069 567 2120 sit.

198 2263 225 2332 I.
252 2265 444 2334 Anastasius
465 2265 505 2333 ad
528 2265 627 2334 vitam
651 2266 828 2354 publicam,
851 2263 879 2333 si
904 2264 948 2332 ita
971 2263 1058 2351 loqui
1082 2261 1130 2332 ias
1149 2273 1212 2351 est,

152 2381 297 2468 primum
317 2380 450 2448 accessit
468 2381 645 2469 ennodii,
660 2402 733 2448 oum
751 2379 898 2449 sacerdos
912 2400 931 2447 a
945 2379 1054 2448 Leone
1070 2400 1152 2469 papa
1166 2378 1214 2449 IV

121 2479 123 2486 ’
151 2509 294 2568 secretus
308 2508 357 2568 est
371 2507 467 2588 atque
481 2498 517 2569 S.
533 2499 676 2570 Marcelli
694 2500 834 2568 ecclesiae
853 2500 1023 2589 presbyter
1041 2499 1214 2569 cardinalis

150 2614 377 2683 constitutus¹.

196 2729 257 2798 Vir
282 2739 391 2798 eutem
412 2749 550 2799 munere
568 2750 628 2798 suo
650 2727 849 2817 fungebatur
863 2751 965 2799 novus
980 2731 1033 2799 ille
1051 2729 1211 2819 sacerdos,

149 2865 252 2931 quum
269 2843 376 2913 subito
395 2845 562 2914 ecclesiam
584 2866 691 2928 suam,
712 2845 842 2934 injussu
867 2845 1040 2932 pontificis,
1056 2844 1211 2929 deseruit,

150 2955 316 3045 Romaque
343 2956 543 3026 clandestina
568 2956 645 3044 iuga
670 2959 778 3045 erupit
789 2956 813 3026 ².
844 2958 916 3038 Quo
944 2957 1054 3025 audito
1081 2957 1210 3047 nuntio,

148 3071 338 3140 incredibile
372 3083 420 3142 cst
441 3081 563 3160 quanto
587 3071 714 3160 ardore,
738 3083 860 3160 quanta
881 3072 1036 3141 instantia
1060 3092 1212 3142 summus

177 3269 202 3316 1.
219 3281 234 3312 c
246 3265 395 3329 Anastasius,
405 3266 485 3329 inquit
496 3268 545 3316 Leo
559 3265 602 3328 lV‚
617 3265 742 3330 presbyter
755 3265 857 3315 cardinis
870 3266 944 3315 nostri
959 3281 1030 3331 quem
1043 3281 1086 3315 nos
1103 3266 1128 3315 in
1140 3265 1213 3316 titulo

148 3345 177 3395 8.
191 3344 299 3396 Marcelli
312 3345 423 3410 martyris
435 3352 507 3410 atque
519 3346 638 3411 pontilicis
649 3345 845 3398 ordinavimus.»
864 3346 897 3395 V.
914 3347 977 3396 Acta
991 3345 1092 3396 concilii
1106 3346 1212 3396 Romani

147 3439 171 3475 u.
179 3428 225 3476 853
238 3425 328 3488 babiti,
343 3440 384 3490 ap.
396 3426 483 3489 Goleti,
504 3427 546 3487 ix,
559 3428 634 3479 lieo:
649 3426 682 3475 ci.
700 3426 803 3475 Tamum
818 3425 918 3476 mucilii
932 3426 1039 3476 Romani
1053 3441 1079 3481 u.
1094 3429 1139 3476 850
1150 3425 1210 3476 laub.

146 3504 170 3554 in
181 3506 303 3556 llincmeri
311 3505 461 3567 Annalibus,
473 3521 495 3555 e.
507 3507 552 3556 868
562 3507 651 3571 (Perta,
663 3507 683 3568 1,
694 3507 760 3571 177).
772 3507 832 3556 Cum
842 3521 871 3555 ex
882 3504 957 3556 altera
968 3513 1036 3570 parte
1047 3508 1095 3556 Leo
1105 3520 1167 3569 papa
1176 3506 1209 3556 lV

146 3585 174 3636 ad
187 3585 269 3636 sedem
278 3586 432 3652 apostolicam
443 3592 539 3635 erectus
550 3587 583 3635 sit
592 3601 615 3635 a.
625 3588 670 3636 8l'l
681 3585 761 3650 (leffe,
774 3589 802 3636 2·
812 3585 881 3648 edit',
892 3602 915 3650 p.
927 3588 992 3651 329),
1006 3601 1034 3636 ex
1044 3585 1119 3635 altera
1128 3591 1211 3634 autem

146 3667 284 3718 Anastasius
292 3668 343 3730 jem
356 3672 419 3716 esset
430 3665 554 3730 presbyter
567 3680 624 3714 cum
638 3668 715 3716 Rome
726 3666 790 3726 fugit
800 3682 823 3717 a.
837 3669 880 3717 818
891 3667 926 3730 (r.
937 3665 1100 3730 autemeam),
1114 3679 1211 3714 necesse

145 3753 216 3796 estut
228 3747 248 3795 is
258 3746 369 3795 sacerdos
381 3751 476 3795 creatus
487 3745 562 3794 luerit
571 3761 594 3794 e.
607 3747 663 3807 817,
676 3751 718 3794 aut
731 3761 852 3796 summum
865 3747 962 3796 ineunte
976 3761 1000 3796 a.
1016 3747 1072 3795 818.

173 3829 197 3876 2.
217 3826 378 3886 «instigante
400 3840 428 3874 ac
448 3824 563 3875 suadente
576 3824 679 3888 diabolo,
692 3826 832 3875 Anastasius
843 3826 965 3890 presbyter
984 3823 1086 3874 cardinis
1103 3822 1209 3873 nostri...

143 3912 226 3956 contra
252 3912 342 3955 statuta
366 3907 466 3955 Petrum
491 3905 612 3969 propriam
632 3904 757 3954 ecclesiam
779 3905 899 3955 deserens.
917 3923 931 3952 u
959 3907 1022 3955 Acta
1050 3917 1118 3952 conc.
1138 3905 1211 3956 Rom.

143 4001 167 4036 c.
183 3988 228 4037 853
244 3984 340 4048 (Coleti,
357 3991 376 4034 t.
392 3987 435 4047 IX,
453 4000 477 4049 p.
489 3986 570 4048 1135).
584 3985 612 4034 ld
628 3991 744 4034 autema.
757 3987 802 4036 818
817 3985 923 4034 evenisse
938 3989 1043 4046 constat3
1058 3997 1171 4048 namque,
1186 3984 1212 4034 in

143 4064 243 4115 concilio
257 4067 364 4114 liomano
384 4080 407 4114 a.
429 4067 475 4115 858
497 4079 581 4114 mense
596 4064 716 4114 decembri
738 4065 829 4127 habito,
850 4065 899 4112 hac
915 4063 945 4112 de
959 4063 1062 4124 fugitivo
1084 4065 1211 4114 Anastasio

146 4143 274 4194 dicuntur:
286 4162 298 4190 a
310 4145 357 4205 Qui
367 4159 431 4194 nunc
440 4144 495 4194 illuc
506 4143 621 4194 latitando
631 4144 655 4194 in
668 4145 719 4209 ipsa
726 4143 908 4205 demigratione,
918 4157 961 4205 per
971 4141 1095 4192 biennium
1105 4150 1211 4193 moratus

149 4230 186 4275 est
195 4240 220 4284 a,
235 4229 261 4274 et
274 4239 357 4274 mense
370 4225 443 4275 lunio
457 4240 481 4273 a.
492 4227 537 4274 853
549 4239 556 4274 r
570 4243 582 4270 u
594 4225 657 4275 Ecce
669 4227 721 4287 jam
737 4238 779 4286 per
792 4221 950 4288 quinquennii
967 4229 1061 4287 tempus
1081 4223 1105 4272 in
1119 4222 1210 4272 alienas

149 4303 275 4367 parochias
288 4304 430 4358 discursibus
447 4305 536 4369 (Perta,
548 4309 569 4354 t.
585 4305 603 4367 l,
619 4319 643 4368 p.
657 4306 750 4364 1778).
