2944 5060
493 434 685 486 Aeruuulx
711 431 823 486 PRIOR
1143 429 1189 478 ³2³

124 576 306 634 transmitto.
320 576 496 634 Venerabilis
515 576 621 650 quippe
635 574 842 634 recordatiouis
857 575 940 632 Pater
953 576 983 630 et
996 576 1075 647 Papa
1094 575 1192 630 noster

126 665 260 722 Nicolans
279 667 314 722 ab
328 667 382 722 hac
400 665 507 734 misera
520 666 578 722 vita
597 665 690 722 idibus
705 665 872 721 Novembris
886 663 923 720 ad
938 665 1080 720 calestem
1098 663 1194 738 beati7
1241 667 1242 670 ’

126 754 271 824 tudinem,
287 758 317 810 ut
331 755 488 823 credimus,
502 755 603 810 ductus
618 771 671 810 nos
685 753 805 810 miseros
823 757 852 809 et
866 754 948 810 valde
963 753 1107 809 desolatos
1126 752 1192 807 reli-

126 843 200 915 quit.
215 845 326 900 lutrant
345 843 424 900 enim
438 831 504 916 post
517 843 674 900 discessum
689 843 750 915 ejus
766 842 827 914 lupi
840 858 959 916 rapaces
972 859 1031 902 uon
1043 844 1194 916 parcentes

126 931 278 989 Dominieo
293 933 387 1004 gregi,
403 933 507 1006 quibus
522 933 641 988 obsecro
661 934 690 986 et
708 947 761 1003 per
783 931 875 986 Deum
890 934 1045 1001 contestor,
1067 935 1098 986 ut
1112 929 1194 986 fortis

129 1020 249 1090 minas¹,
260 1020 537 1094 resist02,simu1que
551 1021 728 1094 deprecorut
745 1020 890 1077 orationes
898 1038 949 1094 pro
958 1021 1007 1077 illo
1017 1019 1140 1077 Domino
1151 1036 1195 1074 se·

129 1107 211 1165 dulas
220 1109 360 1182 dirigatis.
370 1111 463 1167 Ehcut
477 1127 566 1184 quam
575 1109 836 1166 serotalemvirum
845 1110 971 1166 Ecclesia
980 1110 1096 1178 meruit,
1106 1125 1194 1183 quam

129 1196 186 1254 cito
200 1198 327 1272 reliquit!
339 1199 413 1254 Vera
426 1199 530 1271 fateor,
541 1199 706 1271 expedierat
718 1203 750 1254 ut
764 1201 806 1255 sol
819 1199 915 1256 radios
926 1216 991 1255 suos
1006 1199 1196 1255 absconderet

127 1287 224 1358 magis
240 1305 327 1361 quam
338 1286 406 1344 illa³
423 1305 455 1344 os
467 1290 512 1345 vel
527 1290 624 1344 oeulos
634 1287 801 1356 divideret⁴‚
819 1305 891 1360 quos
902 1305 992 1361 usque
1006 1289 1042 1343 ad
1057 1292 1195 1359 puuctum

129 1375 262 1431 decessus
287 1377 330 1432 sui
355 1377 392 1432 ad
409 1365 537 1432 divinum
562 1377 732 1450 obsequium
747 1376 868 1449 aperuit,
886 1381 914 1433 et
933 1378 970 1432 ad
983 1376 1114 1434 Ecclesiae
1125 1393 1196 1448 pro-

128 1463 221 1521 fectus
234 1466 360 1522 intentos
375 1483 489 1539 semper
504 1466 643 1524 exhibuit.
658 1467 764 1522 Varum
778 1483 854 1522 nunc
869 1466 1057 1538 congregatio
1072 1465 1198 1550 omnis⁵‚

129 1570 202 1626 quos
217 1553 266 1609 ille
279 1554 321 1610 vel
336 1571 388 1626 pro
404 1553 516 1610 diverso
533 1554 668 1611 adulterii
680 1571 798 1627 genere,
818 1556 863 1610 vel
878 1571 931 1626 pro
951 1554 1014 1609 aliis
1028 1555 1197 1610 criminibus
1296 1569 1300 1578 ’

128 1642 289 1714 redarguit,
309 1643 346 1698 ad
363 1644 417 1699 hoc
436 1647 611 1712 exarserunt,
624 1647 657 1701 ut
668 1644 800 1699 universa
815 1645 876 1717 ejus
891 1659 979 1716 opera
992 1643 1152 1708 destruere,
1169 1645 1198 1699 et

128 1734 232 1787 cuneta
259 1731 366 1804 scripta
392 1733 487 1788 delere
515 1731 651 1787 meditari
671 1750 730 1788 non
756 1735 897 1788 metuant.
927 1732 1056 1797 Quorum
1077 1735 1197 1786 conatus

128 1820 235 1876 idcirco
261 1821 388 1878 creditur
410 1821 447 1877 ad
468 1821 604 1877 effectum
627 1821 733 1890 venire,
760 1822 827 1894 quia
850 1820 1031 1893 imperatoris
1059 1836 1125 1874 cum
1153 1819 1197 1875 his

128 1925 235 1964 manus
250 1927 321 1979 esse,
338 1910 410 1966 salso
426 1913 457 1965 ut
472 1910 628 1979 credimus,
644 1909 757 1966 dicitur.
775 1911 839 1965 Haec
852 1925 922 1981 ergo
936 1908 1044 1964 cunctis
1059 1907 1197 1964 fratribus

129 1999 271 2066 nuntiate,
288 2001 317 2053 et
327 1997 358 2054 in
370 1998 472 2072 quibus
486 1998 623 2070 prodesse
637 2015 720 2070 posse
733 1998 885 2068 confiditis,
896 1998 1028 2054 laborare
1040 2013 1092 2068 pro
1108 1997 1195 2053 domo

128 2086 181 2143 Dei
195 2089 300 2142 curate.
318 2087 390 2142 Nam
405 2087 429 2142 si
443 2087 518 2144 tanti
533 2087 677 2159 pontificis
701 2090 765 2143 acta
779 2091 936 2154 cassantur,
958 2089 1064 2154 vestra,
1088 2102 1193 2157 quase,

130 2176 180 2232 ubi
196 2175 362 2248 parebunt?
376 2176 481 2231 Verum
494 2176 553 2231 scio
569 2175 646 2248 quia,
662 2176 729 2231 licet
744 2175 822 2247 apud
841 2193 893 2232 uos
909 2193 1026 2248 paucos,
1046 2177 1123 2249 apud
1147 2192 1197 2231 vos

129 2268 229 2322 tamen
243 2264 361 2337 reliquit
372 2263 426 2320 sibi
440 2264 579 2320 Dominus
601 2264 741 2337 plurimos
764 2265 813 2336 qui
827 2281 886 2320 non
901 2269 1088 2322 curvaverant
1101 2281 1196 2336 genua

129 2357 196 2411 aute
210 2355 287 2410 Baal.
298 2354 443 2409 Habemus
454 2357 552 2408 autem
563 2354 716 2425 praesulem
730 2353 888 2409 Adrianum
901 2355 1132 2423 nomine,virum
1145 2372 1197 2427 per

130 2441 241 2510 omnia,
254 2445 395 2516 quantum
406 2442 442 2497 ad
452 2442 544 2498 bonos
558 2459 656 2498 mores
666 2441 801 2514 pertinet,
812 2442 1051 2501 valdestreuuum
1065 2447 1095 2500 et·
1102 2443 1197 2499 indus

128 2531 228 2589 trium.
237 2532 278 2586 De
294 2548 352 2604 quo
365 2532 460 2587 adhuc
474 2534 571 2587 utrum
584 2531 776 2588 ecclesiastica
789 2532 908 2603 negotia
918 2533 1071 2603 omnia,an
1082 2537 1196 2605 partem

128 2636 242 2690 curare¹
258 2620 337 2692 velit,
361 2620 538 2692 ignoramus.
567 2621 677 2676 Pendet
700 2625 799 2677 autem
823 2621 920 2676 anima
948 2623 1010 2695 ejus
1038 2640 1074 2678 er
1098 2622 1197 2679 anima

129 2709 262 2765 avunculi
288 2709 357 2778 mei,
385 2711 472 2766 vestri
498 2709 620 2766 reret..
637 2709 774 2780 Arscuii7,
801 2711 931 2785 quamvis
955 2710 1034 2766 idem
1059 2728 1093 2766 eo
1119 2713 1196 2784 quod

128 2797 296 2853 inimicitias
346 2799 452 2854 multas
483 2799 614 2854 obeuntis
649 2798 776 2871 praesulis
807 2799 967 2871 pertulerit,
1001 2816 1034 2854 ac
1060 2817 1114 2872 per
1140 2802 1195 2856 hoc

127 2882 298 2958 imperatori
321 2886 426 2956 faveat,
451 2888 580 2943 astudio
609 2888 807 2945 ecclesiastica
835 2887 1019 2945 correctionis
1045 2889 1195 2961 paululum

127 2975 335 3048 refriguisset&
366 2977 457 3042 Quem
481 2977 548 3046 cito,
575 2993 681 3050 quaeso,
705 2977 805 3034 vestris
837 2977 925 3034 sacris
953 2977 1071 3033 monitis
1097 2994 1195 3032 rursus

160 3185 184 3231 1.
196 3182 281 3245 Inepte
294 3180 474 3244 transcriptum,
484 3195 527 3245 pro
540 3186 592 3230 cut
603 3180 672 3231 fortis
684 3180 753 3232 milas
764 3199 789 3231 s.
800 3182 839 3232 Gi.
852 3181 966 3232 Hadriani
986 3182 1116 3247 Epistolam
1128 3169 1194 3233 illam¹

127 3275 176 3326 qua
190 3260 220 3311 de
230 3260 312 3311 Adone
326 3260 431 3311 dicitur:
448 3278 461 3307 u
479 3267 506 3311 ut
519 3261 590 3312 fortis
603 3268 767 3328 propugnator
776 3261 943 3312 sollicitaris».
955 3263 1047 3326 Migne‚
1062 3269 1081 3314 t.
1096 3265 1193 3328 cxxii,

27 3347 30 3364 ¹
126 3356 151 3406 p.
168 3342 271 3391 12Ί5Α.

133 3427 136 3432 ’
157 3424 183 3472 2.
197 3420 295 3471 Rectius
309 3441 322 3468 n
331 3419 434 3471 resistite
445 3439 468 3484 u,
486 3427 513 3472 ut
527 3419 589 3471 iufra
602 3437 617 3470 n
630 3421 748 3486 dirigatis,
764 3423 882 3484 nuntiate,
897 3429 979 3474 curate
994 3443 1018 3489 u,
1030 3431 1079 3475 etc.

158 3503 182 3552 3.
197 3500 323 3562 Meudose,
337 3516 381 3566 pro
396 3500 460 3552 cille
471 3517 496 3560 u,
510 3502 535 3552 id
547 3509 592 3563 est,
607 3503 727 3553 Nicotaus.
1210 3559 1214 3568 ¹

159 3585 186 3634 t.
196 3580 259 3634 Illud
274 3581 441 3632 «divideret»
452 3579 515 3632 nihii
528 3583 660 3646 significan
676 3583 844 3635 «clauderet»
858 3583 988 3648 legendum
1008 3601 1061 3637 esse
1080 3586 1196 3648 arbitrer,

126 3663 165 3712 cui
177 3666 259 3728 postea
271 3662 399 3726 respondet
411 3662 470 3712 illud
487 3663 661 3730 «aperuisti».

159 3745 183 3792 5.
199 3743 276 3796 Deest
289 3741 389 3792 tortasse
404 3757 512 3794 «eorum
521 3761 545 3794 s.

158 3825 182 3872 6.
198 3821 241 3874 Sic
258 3823 284 3874 in
300 3822 379 3883 editis,
396 3829 422 3872 at
435 3823 537 3873 duorum
551 3823 636 3875 saltem
650 3824 744 3874 illorum
758 3840 924 3890 pronominum
935 3827 1050 3890 {ordinem
1071 3828 1199 3876 inversum·

126 3903 244 3966 suspicor,
258 3908 331 3970 atque
343 3902 377 3954 ita
391 3918 442 3954 esse
455 3904 585 3966 legendum
596 3924 603 3956 a
618 3905 751 3956 «avunculi
764 3907 847 3968 vestri,
861 3908 908 3957 mei
922 3922 977 3958 vero
986 3925 1011 3958 n.
1022 3909 1053 3960 V.
1065 3907 1190 3958 Animad-

127 3985 270 4034 versionem
286 3983 356 4048 paulo
370 3984 479 4034 inferius.

159 4066 183 4114 Ἰ.
200 4065 263 4114 bute
285 4083 296 4108 ι
316 4064 438 4114 Arseniis
463 4063 555 4129 aliquid
576 4065 659 4116 deesse
679 4071 754 4130 patet,
773 4066 797 4116 id
819 4072 864 4130 est,
888 4067 988 4116 tortasse
1005 4085 1017 4112 u
1031 4068 1129 4132 patris»
1150 4068 1189 4119 uel

130 4161 142 4190 ιι
159 4145 264 4208 parentis
277 4159 306 4206 »3
322 4149 349 4194 ut
360 4143 400 4194 bic
411 4143 476 4198 locus
488 4145 522 4195 ita
534 4144 583 4208 tegi
597 4146 686 4197 rectius
700 4145 793 4210 possit:
814 4146 949 4198 «avunculi
971 4149 1052 4210 vestri,
1070 4148 1118 4200 mei
1135 4163 1190 4198 varo

128 4225 202 4289 patris
214 4224 307 4275 Arseuii
317 4241 341 4277 u.
352 4224 385 4277 V.
402 4225 461 4276 ibid.

159 4306 184 4357 8.
201 4304 316 4369 Barbare,
329 4318 373 4369 pro
388 4321 401 4353 a
412 4305 542 4356 terruisset
554 4324 578 4356 n.
