2954 5050
542 477 719 529 ruerunt
741 475 859 529 veuls
1185 475 1231 526 stt

161 617 297 687 duabus
311 617 547 689 exsuroiaotis
560 619 765 708 gemmisque
787 617 949 689 distinctis
971 616 1131 688 oomnis.
1155 616 1232 688 flor

166 734 303 822 quidem
317 735 436 823 palam,
448 743 482 803 at
496 733 560 803 alia
572 734 657 803 dona
668 735 742 803 data
756 733 856 804 luisse
865 733 1022 806 Romanis
1033 731 1230 822 quibusdam

168 850 393 939 amplissimis,
408 871 446 920 er
465 872 531 940 quo
545 871 685 920 numero
696 851 858 942 prooipue
878 861 972 922 erant
987 849 1111 921 Nioolai
1124 847 1141 918 1
1156 871 1234 940 pro-

168 966 299 1053 pinqui,
314 965 466 1054 exipsius
479 965 638 1035 Hadriani
653 967 840 1035 testimonio
853 965 1005 1054 eolligere
1020 965 1067 1035 ias
1083 963 1168 1036 θεῖ’.

215 1079 308 1160 Quod
322 1090 432 1149 autem
449 1075 584 1150 fortasse
601 1080 743 1170 requiris
763 1080 905 1150 fueritne
920 1081 1115 1152 Anastasius
1134 1079 1233 1171 hujus

162 1195 352 1284 largitionis
366 1197 538 1285 particeps,
555 1215 627 1266 rem
640 1197 711 1266 sine
723 1206 810 1266 oeno
824 1197 1015 1266 austeritate
1029 1197 1151 1268 solvere
1167 1217 1234 1266 non

168 1311 289 1380 ausim.
306 1311 352 1382 Ut
373 1321 412 1380 ut
431 1313 484 1396 sit,
507 1311 607 1401 hujus
627 1312 799 1398 legationis
822 1311 1024 1383 interventus
1041 1314 1100 1382 heo
1119 1314 1234 1383 saltem

159 1427 314 1498 ¹obtinuit
335 1437 373 1496 ut
395 1427 590 1496 Anastasius
610 1428 745 1496 oonsilio
771 1427 811 1496 ad
834 1437 964 1517 tempus
990 1428 1234 1520 oomprimemt,

160 1559 271 1632 'seque
286 1542 446 1612 uoluntati
458 1539 626 1611 Gallorum
637 1543 771 1631 obsequi
785 1538 1018 1614 dissimulsrot.

215 1659 319 1727 Erant
332 1659 422 1728 enim
442 1667 515 1726 tum
527 1659 683 1746 temporis
700 1657 815 1728 Corolo
831 1657 927 1730 Calvo
947 1679 1024 1730 oum
1041 1658 1234 1751 Hinamaro,

169 1774 320 1864 episeopo
330 1773 542 1842 Laudunensi
553 1783 649 1862 etque
660 1772 831 1842 Hinomari
841 1774 1013 1844 Remensis
1023 1783 1153 1866 nepote,
1165 1777 1235 1866 jam

168 1899 294 1960 veteres
305 1887 519 1977 inimicitiei,
532 1889 756 1977 quasquidem
767 1889 1234 1982 Hiuomarussrolriepisoopus

169 2005 317 2094 primum
339 2005 467 2094 plaoare
485 2004 700 2094 tentaverat⁴3
727 2003 783 2074 sed
804 2004 972 2094 episcopus
989 2003 1233 2096 Lauduneusis,

167 2121 357 2210 leventque
381 2120 537 2192 insanum
564 2129 673 2209 eaput,
699 2127 790 2190 tantu
817 2119 937 2191 deiude
963 2142 997 2192 se
1017 2126 1163 2210 gesserat
1180 2121 1235 2192 in·

168 2236 307 2307 solantia
320 2245 360 2305 ut
373 2236 440 2304 iras
453 2257 531 2306 oum
546 2235 653 2306 Gamli
666 2235 770 2323 Calvi,
792 2245 865 2306 tum
889 2237 988 2306 mmm
1012 2237 1164 2306 avunouli
1182 2235 1235 2306 sui

171 2351 1234 2442 smmmdmmwmmffimfflmnmmwmm

170 2469 423 2556 interposuerat,
445 2467 592 2555 primum
604 2466 738 2555 quidem
752 2487 840 2537 anno
854 2467 930 2554 868,
946 2466 1066 2556 jubens
1079 2477 1118 2538 ut
1129 2454 1235 2539 Hine-

168 2600 264 2654 maro
286 2581 500 2653 Laudunensi
518 2582 659 2652 Romam
681 2581 906 2672 proficiscendi
920 2583 1233 2676 dareturfaoultas⁸,

202 2825 226 2880 1.
243 2827 400 2880 acutulus...
420 2828 517 2880 eosdem
537 2827 630 2891 legatos
645 2826 804 2894 (apostolicos)
823 2827 940 2891 abmirits
958 2835 1042 2893 postea
1058 2829 1151 2893 legatos
1169 2847 1235 2896 suos,

167 2909 332 2971 Ansegisilum
346 2909 375 2973 (l.
386 2908 541 2975 Ausagisum)
554 2908 667 2960 videlieet
679 2909 856 2974 presbyterum,
868 2909 1099 2960 monastntiiSauoti
1110 2909 1236 2965 Michaelis

166 2987 292 3052 abbatam,
306 2994 332 3039 et
343 2989 486 3039 {rotharium
502 2989 599 3054 laisum,
611 3003 668 3040 eum
680 2988 787 3054 epistolis
802 2989 833 3038 ul
846 2988 960 3040 domnum
975 2990 1139 3056 apostolieum,
1154 2992 1197 3043 sed
1210 2999 1236 3046 et

167 3079 277 3134 pannum
289 3069 320 3119 td
340 3068 416 3120 altare
429 3069 505 3120 sanoti
526 3070 590 3120 Petri
610 3069 641 3119 de
660 3067 809 3119 vestimentis
829 3068 879 3118 ouis
900 3069 979 3119 aureis
997 3071 1164 3138 antepositum,
1179 3087 1235 3124 oum

167 3147 261 3199 duabus
275 3150 367 3200 eorouia
386 3150 466 3201 eureis
482 3156 508 3200 et
528 3149 632 3212 gemmis
646 3148 736 3201 ornatis
754 3148 829 3202 misit.
842 3165 856 3198 r
870 3149 993 3200 llinemari
1011 3146 1133 3216 Anoote's,
1151 3167 1174 3203 a.
1188 3155 1234 3206 t'lt

169 3227 260 3294 (Perta,
274 3229 294 3290 1,
310 3227 387 3295 little

201 3309 225 3359 a.
243 3311 274 3360 V.
292 3309 362 3370 luiso,
385 3325 411 3375 p.
432 3313 488 3363 210.
512 3311 593 3376 Atque
610 3323 659 3360 non
678 3309 753 3362 semel
771 3309 871 3362 Garslus
892 3309 979 3361 eslrus
996 3309 1031 3360 ita
1049 3325 1106 3364 eum
1121 3312 1235 3364 Romanis

167 3389 229 3453 egit.
243 3389 275 3440 V.
285 3389 355 3455 inira,
370 3405 396 3456 p.
409 3392 464 3444 818.

201 3472 224 3524 3,
242 3467 269 3521 ld
283 3475 329 3534 est,
345 3471 375 3520 sb
389 3485 412 3522 ar
427 3472 482 3522 881.
495 3472 586 3523 Gausrs
600 3477 681 3521 sutem
694 3471 848 3522 dissensionis
863 3475 888 3522 et
903 3470 1035 3534 longiorem
1047 3470 1121 3522 tetius
1134 3471 1170 3523 rei
1183 3471 1234 3528 lais·

167 3549 255 3601 tarium
268 3549 323 3601 ride
334 3550 398 3616 apud
413 3553 444 3602 ll.
460 3552 561 3603 Schmrs
576 3552 720 3617 (titulentur,
732 3567 756 3616 p.
772 3553 817 3603 815
832 3551 907 3618 sap).

201 3624 225 3680 l.
243 3631 275 3681 v.
291 3631 414 3681 sumas
426 3631 546 3694 ramos,
562 3645 585 3682 e.
600 3634 645 3683 eoo
655 3634 746 3695 (roez,
756 3633 778 3696 1,
790 3621 858 3695 too).

201 3711 224 3762 8.
245 3711 299 3770 Qua
310 3710 341 3760 de
352 3726 378 3761 re
391 3716 417 3761 et
430 3712 530 3764 Garoias
546 3710 635 3762 calvus
652 3718 677 3762 et
694 3712 838 3762 lliuomarus
854 3711 978 3763 Remensis
990 3710 1082 3762 litteras
1093 3710 1235 3784 spostolicae

170 3791 236 3856 (quoe
258 3790 353 3841 exstarlt
374 3791 461 3856 adhue,
485 3807 524 3857 op.
546 3791 639 3856 iligna,
653 3792 785 3855 88111111,Ι
802 3793 925 3855 opilat
944 3794 982 3856 11,
1003 3803 1028 3855 p.
1044 3793 1146 3851 lars-33
1163 3791 1233 3856 tens,

159 3881 195 3921 'nt
208 3873 281 3933 2910,
295 3872 367 3937 8811)
378 3871 441 3937 opud
458 3872 604 3923 Garisiooum
618 3879 771 3937 aeceperunt,
784 3887 867 3922 meuse
877 3873 938 3922 Dee.
953 3885 975 3921 ea
989 3860 1036 3922 868
1051 3872 1142 3936 (eouier
1157 3871 1234 3922 Hine-

167 3951 232 4002 mari
238 3951 347 4003 Annales
355 3953 380 4002 in
391 3969 414 4003 a.
428 3955 483 4016 888,
491 3967 530 4018 ep.
542 3955 622 4016 Porta,
630 3959 650 4002 t.
656 3956 675 4015 1,
687 3968 713 4018 p.
724 3956 779 4017 181,
791 3967 846 4002 oum
853 3952 1055 4003 Pmolomotione
1063 3951 1152 4003 Caroli
1161 3953 1234 4005 Calvi

167 4031 294 4083 edumas
310 4033 477 4083 iiinonarum
494 4033 696 4093 medonensem,
717 4048 755 4097 ep.
776 4032 863 4096 coleti,
877 4038 896 4083 t.
913 4033 944 4095 x,
963 4047 989 4096 p.
1008 4034 1069 4082 1888
1084 4035 1115 4094 A,
1134 4037 1160 4082 et
1177 4048 1233 4086 oum

167 4112 238 4162 Aotis
255 4111 348 4161 conessii
367 4113 528 4176 Duziaoansis,
547 4112 617 4177 istd,
636 4127 661 4176 p.
684 4115 745 4163 1188
757 4113 796 4176 C).
811 4112 876 4171 Quas
896 4117 977 4161 tamen
996 4110 1089 4162 litteras
1109 4113 1234 4165 {lemensis

167 4191 371 4257 arohisplsoopus,
381 4192 407 4241 in
417 4207 446 4242 ea
454 4191 555 4258 epistola
564 4207 636 4257 quam
650 4197 752 4243 exemto
764 4207 787 4242 a.
800 4193 845 4242 878
855 4191 887 4241 ed
896 4191 1043 4242 lieduanum
1050 4193 1159 4259 scripsit,
1167 4209 1233 4246 eom·

167 4272 311 4322 memoravit
327 4271 409 4322 disens
420 4287 427 4323 t
440 4272 493 4323 illas
506 4272 553 4322 sibi
566 4273 650 4323 missas
660 4287 714 4323 esse
726 4284 790 4322 anno
804 4272 924 4338 proterite
936 4273 970 4338 (ss
978 4271 1074 4339 'ilignis
1086 4281 1106 4325 t.
1120 4275 1232 4341 GXXVI,

168 4367 195 4418 p.
209 4353 254 4402 185
263 4352 307 4417 Β);
323 4351 399 4403 sedin
410 4353 455 4403 hoo
466 4351 1231 4421 Hiunmarussutmemoriadeceptusost-autpraeipueattsu·
