2960 5052
272 423 302 472 di
569 423 616 472 De
638 422 838 474 tnssrnslt
858 423 1032 486 ORIGINE,

270 565 407 652 festum,
435 568 591 634 hactenus
611 566 822 634 Anastasium
845 565 1127 634 bibliothecarium
1153 587 1194 634 ne
1215 567 1339 634 doctis-

271 682 377 770 simis]
395 681 527 768 quidem
559 681 642 749 bene
672 681 840 767 cognitum
877 681 992 764 fuisse,
1026 691 1123 768 atque
1154 683 1232 748 adeo
1259 681 1335 769 ejus

270 796 382 865 Vitam
396 796 507 864 multis
525 797 614 882 locis,
635 817 676 863 ne
691 798 796 864 dicam
818 817 854 864 ex
877 797 1018 884 integro,
1036 797 1245 864 reficiendam
1259 817 1334 864 esse

270 921 302 980 et
315 910 408 1000 quasi
423 911 674 980 resarciendam.

314 1031 345 1094 t.
370 1023 483 1114 Itaque
493 1027 686 1094 Anastasius
697 1047 797 1113 quam
810 1026 923 1095 leviter
937 1027 1200 1096 arecentioribus
1211 1026 1332 1095 criticis

270 1141 400 1210 Graecus
420 1141 589 1228 habeatur,
623 1162 659 1210 ex
683 1143 743 1210 hoc
766 1143 912 1228 primum
936 1141 1078 1230 judicari
1101 1151 1219 1230 potest,
1243 1142 1329 1229 quod

269 1265 438 1324 auctorum
463 1257 527 1324 illis
552 1257 753 1344 temporibus
779 1258 954 1344 aequalium
980 1277 1078 1324 nemo
1109 1256 1237 1325 Graecos
1261 1267 1329 1324 tam

267 1374 487 1460 vehementer,
503 1381 570 1438 tam
585 1392 696 1460 aspere
714 1371 889 1439 insectatus
904 1380 953 1440 est
964 1391 1063 1459 quam
1083 1372 1142 1440 iste
1156 1373 1330 1440 bibliothe-

174 1551 177 1556 .
266 1487 384 1555 carius.
398 1485 470 1553 Non
486 1486 572 1554 enim
587 1487 691 1554 solum
709 1484 895 1554 Graecorum
907 1487 1102 1573 doctrinam,
1117 1487 1173 1554 sed
1187 1508 1326 1573 graecam

265 1601 609 1689 generaliterindclem
621 1611 716 1688 atque
731 1601 903 1687 ingenium
916 1601 1028 1668 multis
1042 1602 1147 1669 affecit
1161 1603 1324 1687 conviciis,

266 1737 320 1784 cos
339 1717 408 1785 sine
423 1716 610 1784 discrimine
625 1717 789 1803 appellans
803 1725 938 1803 astutos,
952 1717 1090 1797 dolosos,
1106 1717 1326 1803 paratissimos

265 1830 305 1898 ad
319 1851 450 1900 omnem
468 1831 618 1900 fraudem
643 1841 675 1900 et
701 1831 907 1919 fallaciam¹;
932 1852 1004 1918 quae
1027 1851 1105 1899 sane
1131 1831 1326 1900 abdomine

263 1945 374 2015 Graeco
389 1967 458 2015 esse
470 1947 623 2033 profecta,
639 1947 848 2034 quantumvis
863 1946 938 2014 ticet
956 1947 1009 2014 illc
1029 1946 1155 2014 Latinis
1177 1947 1326 2033 partibus

262 2061 388 2150 faverit,
406 2062 492 2131 credi
508 2063 596 2129 nulio
610 2071 703 2148 pacto
718 2071 834 2149 potest.

304 2181 338 2245 2.
365 2178 523 2246 Preeterea
538 2178 729 2244 Anastasius
748 2177 817 2263 ipse
832 2196 866 2244 se
881 2196 950 2244 esse
965 2175 1133 2263 Latinum,
1150 2197 1217 2244 non
1234 2175 1325 2245 Grae-

262 2314 351 2378 cum,
362 2293 449 2359 haud
463 2292 600 2360 obscure
614 2292 819 2379 significavit,
836 2292 892 2378 qui
910 2291 1082 2378 nimirum,
1095 2292 1122 2358 si
1136 2293 1268 2378 quando
1289 2294 1324 2360 iu

262 2405 329 2476 suis
343 2406 470 2494 scriptis
483 2405 614 2473 Latinos
628 2427 704 2474 cum
719 2403 838 2474 Grecis
853 2407 1002 2493 contulit,
1020 2408 1088 2473 haec
1108 2407 1206 2475 verba
1230 2433 1247 2472 o
1264 2429 1323 2476 nos

261 2531 294 2592 et
308 2519 410 2590 Gracci
424 2543 442 2586 n
470 2522 582 2588 solitus
602 2531 648 2589 est
665 2541 834 2608 usurpare.
851 2520 1013 2608 Namque,
1027 2530 1064 2587 ut
1078 2524 1223 2610 exemplo
1234 2527 1321 2609 utar,

262 2638 463 2706 mentionem
489 2634 609 2704 faciens
627 2636 667 2704 de
687 2636 828 2723 'quodam
842 2637 996 2724 opusculo
1018 2635 1054 2702 S.
1074 2635 1219 2725 Maximi,
1235 2638 1322 2723 quod

260 2753 329 2842 ipse
341 2774 453 2822 recens
467 2772 601 2839 egraeoo
616 2771 764 2820 sermone
780 2753 814 2818 in
830 2752 969 2818 latinum
981 2759 1133 2836 verterat,
1150 2752 1195 2818 ita
1215 2754 1321 2840 loqui-

259 2881 334 2938 tur:
353 2893 368 2934 r<
384 2869 585 2955 interpretati
600 2887 714 2935 sumus
727 2887 764 2935 cx
777 2867 909 2953 epistola
921 2865 1069 2954 ejusdem
1082 2864 1116 2934 S.
1133 2865 1265 2936 Maximi
1281 2869 1321 2936 ad

259 2983 424 3051 Marinum
443 2983 560 3070 scripta
581 2983 807 3069 presbyterum
828 2982 1106 3049 circumstantiam
1121 2982 1161 3050 de
1178 2981 1319 3069 Spiritus

259 3098 360 3167 sancti
388 3099 602 3185 processione,
628 3097 685 3165 ubi
701 3095 819 3163 frustra
838 3097 964 3164 causari
992 3108 1106 3162 contra
1129 3119 1188 3164 nos
1211 3098 1321 3168 innuit

259 3213 485 3296 GraecoS,cum
500 3234 559 3278 uos
573 3233 639 3279 non
661 3232 790 3278 causam
807 3211 855 3279 vel
871 3211 1068 3298 principium
1089 3209 1210 3279 Filium
1230 3214 1317 3281 dica·

257 3344 332 3392 mus
349 3323 489 3409 Spiritus
508 3323 622 3408 sancti,
640 3330 676 3389 ut
688 3330 860 3388 autumant
880 3342 920 3408 »3
950 3333 981 3388 et
1005 3323 1100 3408 paulo
1128 3321 1265 3390 interius
1280 3323 1318 3390 de

257 3439 371 3510 eodem
385 3435 547 3506 blaximo:
574 3461 591 3501 u
605 3436 656 3524 pic
671 3438 899 3524 interpretem,
916 3437 1088 3524 utriusque
1106 3437 1227 3523 lingua
1240 3458 1316 3522 gna·

256 3577 309 3624 ros
324 3554 364 3622 ad
378 3572 490 3640 pacem
504 3551 668 3638 erudiens,
682 3551 761 3618 dum
784 3552 905 3619 scilicet
918 3563 949 3617 et
961 3573 1021 3618 nos
1036 3562 1067 3618 ct
1081 3553 1224 3640 Groecos,
1240 3553 1319 3620 edo-

287 3811 309 3857 t.
328 3803 457 3855 «Greci...
471 3801 559 3852 astutis
573 3815 627 3863 sue,
640 3800 688 3850 imo
701 3800 956 3850 trsudeccmmuntbus
968 3801 1129 3851 sanctionibus
1138 3801 1280 3866 abutuntur,
1294 3811 1319 3856 et

254 3887 283 3936 sd
304 3901 358 3934 suos
378 3885 460 3933 libitus
481 3887 566 3930 cuncta
587 3895 640 3944 qum
665 3880 710 3928 sibi
731 3881 781 3929 risa
802 3881 906 3942 tuerint,
922 3882 995 3930 ctiam
1012 3881 1128 3931 nolenter
1145 3882 1274 3934 inflectant
1288 3901 1317 3946 't

254 3972 279 4015 et
297 3965 367 4029 paulo
385 3969 438 4029 post
457 3978 463 4012 :
479 3963 541 4011 otte
563 3975 621 4022 ergo
641 3962 776 4008 urceorum
797 3961 886 4010 suatim
904 3962 1004 4025 astutia,
1025 3963 1083 4025 quin
1104 3963 1185 4026 potius
1205 3963 1318 4016 dolositas

253 4046 327 4095 etiam
347 4045 408 4092 circa
429 4047 567 4107 presentem
582 4040 697 4104 synodum
716 4045 781 4100 agat,
801 4040 851 4089 heac
870 4056 908 4090 me
925 4041 1066 4090 admonendi
1081 4056 1152 4090 conss
1164 4041 1252 4092 dixisse
1266 4046 1317 4094 sut·

254 4125 349 4174 ficiat».
364 4124 482 4172 Anastasii
497 4123 617 4184 Proesotio
633 4121 658 4168 iu
675 4120 809 4182 Spaodum
824 4123 942 4172 octavam
962 4122 1063 4184 (Migne
1079 4130 1099 4170 t.
1114 4123 1223 4184 CXXIX,
1238 4138 1263 4188 p.
1274 4127 1316 4190 at,

251 4205 302 4268 at.)
316 4205 466 4265 Quantopere
480 4201 676 4251 bibliothecarius
689 4199 729 4248 ille
743 4201 863 4248 Romanus
873 4203 967 4250 Grecos
979 4201 1123 4265 despexerit,
1136 4217 1165 4250 ex
1177 4201 1229 4250 aliis
1240 4205 1315 4256 etiam

252 4281 399 4347 argumentis
412 4287 485 4344 patet,
499 4297 551 4344 quae
568 4282 591 4352 in
606 4281 647 4329 hac
662 4280 823 4344 disputatione
836 4295 974 4343 proponam.
