2954 5050
260 449 308 504 252
477 447 695 510 ANASTASll,
722 445 920 500 HADRIANO
945 445 1043 499 PAPA
1062 447 1103 509 ll,

305 594 531 662 Discesseruut
556 591 656 662 etiam
680 590 863 660 Hludowici
888 589 986 677 legati
1013 611 1080 658 una
1103 607 1180 658 cum
1203 588 1337 674 legatis

260 708 477 801 apostolicis¹,
492 708 548 777 scd
562 729 638 777 cum
650 706 870 796 Dyrrachium
883 726 997 774 omnes
1016 705 1114 774 simul
1126 704 1235 794 juncti
1249 724 1338 792 per-

260 826 435 912 venissent,
451 823 646 893 Anastasius
668 822 900 909 Errardusque
918 832 951 890 et
970 820 1095 909 Suppc,
1118 819 1239 908 quibus
1254 819 1337 906 pri-

260 961 354 1010 mum
367 938 576 1008 Hludowicus
590 936 768 1007 Beneventi
786 936 956 1005 adeundus
975 946 1058 1025 erat,
1075 936 1172 1005 aliam
1192 956 1332 1024 navem,

259 1055 434 1144 Sipontum
448 1063 606 1144 petentes,
625 1053 767 1142 ingressi
781 1050 893 1122 sunt².

302 1173 361 1258 At,
387 1171 578 1260 priusquam
604 1168 886 1259 Constantinopoli
914 1169 1185 1257 proficisceretur,
1209 1165 1333 1238 soll'er-

259 1287 405 1360 tissimus
427 1287 480 1355 ille
499 1286 560 1374 vir,
583 1284 687 1360 futuri
708 1287 818 1357 nescio
835 1307 901 1376 quo
918 1294 1012 1375 pacto
1034 1285 1202 1373 providus,
1226 1285 1329 1354 ubam

260 1403 360 1472 etiam
390 1401 584 1472 adhibuerat
614 1403 814 1474 cautionem.
845 1403 947 1490 Nam,
975 1423 1052 1470 cum
1076 1402 1158 1472 Acta
1184 1402 1328 1471 recentis

260 1518 387 1588 concilii
401 1518 595 1608 transcripta
609 1527 719 1588 esseut
732 1518 766 1586 iu
785 1518 982 1606 exemplaria
1000 1519 1160 1607 quinque,
1176 1519 1328 1606 quinque

259 1635 449 1724 patriarchis
463 1633 644 1722 majoribus
656 1634 813 1704 tradenda
822 1632 848 1723 ⁸,
864 1654 970 1702 unum
982 1653 1020 1702 er
1032 1633 1097 1722 bis,
1113 1643 1152 1702 ut
1169 1655 1230 1723 par
1240 1646 1323 1725 erat,

260 1760 449 1839 acceperant
472 1749 558 1820 sedis
578 1750 757 1838 apostolice
775 1749 885 1838 legati.
908 1747 974 1818 Sed
986 1750 1194 1838 Anastasius
1216 1751 1326 1820 utrin-

261 1886 325 1956 que
347 1886 457 1936 cavere
480 1886 551 1936 rem
564 1867 687 1934 bonam
701 1865 904 1950 existimaus,
920 1867 1121 1956 cupiensque
1135 1867 1217 1936 illud
1232 1868 1326 1956 quasi

261 1993 513 2052 mouumentum
520 1982 660 2051 victoriae
675 2003 742 2052 suae
752 1983 956 2071 pervulgare,
965 1983 1048 2052 Acta
1058 1983 1188 2052 concilii
1200 1982 1327 2072 Byzan-

261 2099 323 2169 tini
340 2108 375 2168 ut
386 2098 448 2169 sibi
463 2099 573 2168 liceret
585 2099 620 2166 in
637 2099 806 2186 proprium
820 2101 984 2189 exemplar
996 2098 1215 2170 transcribere
1227 2108 1327 2188 atque

261 2214 388 2287 auferre
409 2213 583 2284 obtinuit⁴.
608 2213 651 2283 Et
677 2216 738 2283 hoo
761 2214 895 2303 quidem
919 2235 985 2284 nou
1004 2217 1090 2283 mala
1111 2214 1325 2305 conjectura3

260 2331 441 2424 pam,dum
450 2331 547 2418 legati
557 2330 714 2418 pontificii
723 2330 792 2399 suis
801 2329 1096 2400 omnibusaSlavis
1106 2331 1326 2420 eruebantur,

260 2467 328 2516 uon
341 2445 480 2515 Romam
500 2447 564 2515 nisi
580 2448 678 2534 longo
694 2455 767 2534 post
785 2455 931 2534 tempore
951 2467 988 2514 ac
1006 2446 1161 2515 manibus
1182 2447 1328 2516 excussis

260 2562 411 2651 redituri,
432 2551 626 2631 Anastasius
644 2562 817 2631 incolumis
838 2566 1002 2651 exemplar
1018 2584 1036 2632 a
1050 2583 1085 2633 se
1097 2574 1328 2634 conservatum

260 2691 390 2752 'summo
403 2679 550 2767 pontifici
562 2676 745 2748 ostentabat
758 2699 859 2748 ovans
868 2676 893 2750 ⁵.

261 2934 265 2940 ,
291 2880 315 2931 l.
333 2875 407 2928 Paulo
422 2881 477 2942 post
489 2875 625 2926 absolutum
642 2875 770 2926 concilium
788 2875 823 2940 (r.
840 2876 924 2928 Vitam
938 2876 1075 2939 Hadriani,
1095 2891 1119 2929 c.
1136 2888 1192 2943 mx,
1209 2893 1235 2944 p.
1257 2879 1329 2944 2⁵1),

260 2958 338 3020 idest,
352 2971 434 3007 mense
444 2957 530 3008 Martio
540 2971 563 3006 a.
576 2958 631 3008 att.

291 3040 314 3090 2.
334 3054 391 3091 a...
403 3037 506 3102 separati
515 3050 610 3100 sumus,
619 3037 839 3102 qniaerrraobio
853 3038 951 3101 navigio
961 3037 1070 3090 venimus
1080 3039 1241 3104 Sipontum...
1256 3039 1324 3090 missi

260 3131 317 3169 rero
329 3117 394 3169 sedis
406 3117 550 3182 apostolica,
564 3132 579 3167 a
590 3117 721 3182 Dyrrachio
735 3118 808 3168 simili
824 3117 893 3169 modo
905 3119 986 3168 nerim
999 3119 1111 3180 ingressi,
1126 3122 1250 3171 Anconam
1260 3125 1326 3183 pete-

260 3199 353 3249 bant.»
367 3197 488 3248 Anastasii
503 3198 576 3250 Notoe
590 3198 618 3248 in
630 3198 756 3262 synodum
778 3198 837 3249 ΠΗ
854 3200 955 3265 (iligna,
969 3204 990 3250 t.
1005 3200 1114 3262 CXXIX,
1128 3215 1153 3264 p.
1169 3202 1213 3262 393
1237 3199 1325 3262 coleti,

261 3286 281 3330 t.
294 3280 326 3342 X,
337 3293 363 3343 p.
372 3278 437 3343 499).

291 3360 316 3410 3.
333 3359 365 3408 V.
379 3357 498 3406 Anastasii
517 3357 623 3420 Proesat.
644 3358 671 3408 io
691 3371 748 3422 syn.
766 3357 824 3408 ΠΗ
842 3358 945 3423 (Mirus,
960 3363 978 3409 t.
995 3359 1107 3422 CXXIX,
1128 3373 1154 3423 p.
1176 3359 1220 3420 233
1239 3357 1324 3422 Galati,

260 3445 280 3490 t.
295 3441 326 3500 X,
338 3454 363 3504 p.
374 3438 439 3502 482).
453 3439 489 3488 Do
502 3437 589 3503 quibus
600 3438 778 3502 exemplaribus
789 3438 860 3504 plura
877 3439 924 3490 dixi
940 3439 965 3488 in
983 3440 1107 3490 Formoso
1118 3453 1183 3499 meo,
1198 3453 1223 3504 p.
1237 3441 1323 3490 tat-5⁰.

263 3585 266 3592 Ι
291 3522 315 3572 l.
335 3537 348 3566 c
400 3518 506 3570 diversos
519 3518 645 3569 hominum
656 3525 755 3569 eventus
764 3520 923 3580 considerans,
936 3524 1005 3583 gesta
1014 3519 1087 3584 hujus
1097 3520 1191 3585 synodi,
1204 3535 1258 3585 quae
1270 3534 1325 3586 spc-

261 3593 349 3652 ‘stolicar
362 3599 424 3650 sedis
432 3598 479 3649 loci
489 3603 619 3650 servatores
631 3599 655 3648 iu
667 3614 714 3649 uno
723 3600 845 3650 volumine
858 3614 941 3650 secum
954 3601 1070 3666 portaturi
1085 3602 1285 3666 conscripserant,
1299 3601 1323 3650 in

259 3680 334 3731 altero
347 3680 428 3731 codice
439 3680 582 3744 transcripta
595 3680 695 3730 Romam
709 3695 786 3746 usque
801 3681 894 3732 deterre
903 3681 1049 3747 proposui.o
1065 3681 1184 3732 Anastasii
1198 3681 1323 3746 Proesctic

260 3763 288 3814 io
298 3776 354 3827 syo.
368 3760 429 3811 Vlll
441 3760 543 3823 (iligna,
558 3758 628 3824 ibid,
640 3775 665 3824 p.
679 3762 722 3823 ts;
737 3760 824 3826 coleti,
836 3775 862 3825 p.
875 3761 941 3825 tra).

292 3843 316 3893 5.
333 3845 387 3906 lpse
401 3841 474 3892 etiam
490 3841 628 3892 Anastasius
645 3843 746 3892 Romam
765 3842 878 3893 attulerat
896 3847 989 3908 partem
1009 3842 1076 3894 illam
1098 3842 1235 3895 libellorum
1252 3858 1323 3909 quant

261 3937 276 3972 a
289 3922 379 3974 Basilio
390 3921 533 3987 imperatore
542 3927 704 3987 recuperatam
715 3922 789 3984 legati
803 3922 934 3988 apostolici,
948 3930 1077 3990 antequam
1088 3925 1204 3988 Byzantio
1217 3925 1321 3990 proticis-

261 4009 380 4066 careutur,
398 4003 523 4054 Anastasio
545 4001 668 4054 ferendam
686 4003 865 4053 commiserant.
888 4005 953 4064 Quos
976 4010 1057 4054 tamen
1075 4003 1166 4054 libellos
1190 4005 1322 4055 Bibliothe-

262 4083 339 4133 carius
353 4097 445 4134 summo
460 4084 565 4149 pontiflci
579 4098 626 4134 uon
639 4082 736 4146 obtulit,
754 4083 796 4133 sed
811 4084 925 4146 regressis
939 4084 1025 4148 legatis
1042 4083 1154 4149 reddidit,
1171 4085 1213 4150 qui
1226 4084 1270 4150 ipsi
1284 4097 1324 4134 eos

262 4161 383 4213 Hadriano
404 4164 425 4214 ll
446 4163 605 4220 tradiderunt.
625 4166 654 4216 In
673 4165 717 4215 hoo
738 4163 836 4230 quidem
859 4165 1012 4215 consentiunt
1031 4171 1114 4214 auctor
1131 4164 1195 4216 Vitae
1209 4163 1322 4216 Radriani

262 4246 288 4292 et
307 4243 460 4302 Anastasius3
480 4250 506 4294 at
524 4251 610 4310 quarta
628 4245 744 4296 dissensio
764 4259 794 4294 ec
811 4249 848 4294 est
866 4244 939 4310 quod,
963 4260 991 4296 ex
1011 4245 1073 4298 vite
1086 4244 1229 4309 narratione,
1251 4244 1323 4307 legati

263 4319 411 4388 pontificales
428 4321 530 4374 altarem
545 4329 638 4391 partem
652 4323 787 4377 libellorum
800 4323 848 4376 sibi
867 4331 1037 4393 reservassent,
1052 4339 1155 4392 musque
1172 4340 1201 4378 ex
1213 4324 1325 4378 manibus
