2954 5050
463 426 642 489 'staurus
663 437 904 488 osrnrtorrna
1182 435 1226 486 rsa

158 581 336 668 stasius,'ut
348 580 507 670 episcopis
515 578 779 650 Occidentalibus
790 579 949 667 majorem
963 577 1226 668 indignationem

156 705 389 783 commoveret,
412 694 600 765 Graecorum
621 715 736 764 sensus
754 716 821 762 non
840 696 990 782 fideliter,
1007 704 1045 764 ut
1066 715 1125 782 par
1143 705 1225 780 erat,

156 813 319 900 exposuit,
341 812 397 879 sed
419 811 498 880 falsa
522 811 685 900 quaedam,
708 833 766 899 pro
789 831 881 880 more
904 832 975 899 suo,
997 811 1130 880 miscuit
1150 819 1226 880 cum

158 927 258 995 veria.

206 1041 400 1130 Quanquam
419 1043 510 1110 enim
532 1041 713 1111 Orientales
732 1040 882 1130 quaedam
904 1042 1019 1129 synodi
1042 1041 1227 1118 Constanti·

157 1158 363 1245 nopolitanos
382 1157 581 1245 patriarchas
596 1157 714 1225 eximio
726 1157 896 1246 privilegio
919 1149 1114 1244 jamdudum
1132 1178 1227 1226 nure-

158 1281 248 1359 rant,
272 1273 313 1339 ob
338 1292 411 1340 eam
433 1292 565 1340 causam
591 1271 677 1361 quod
700 1270 898 1359 Byzantium
920 1291 1010 1360 aeque
1031 1292 1068 1340 ac
1092 1272 1226 1358 antiqua

156 1389 265 1455 Roma
281 1389 368 1476 regia
381 1389 492 1456 civitas
510 1397 595 1455 esset
613 1398 647 1456 et
664 1387 768 1455 Roma
784 1408 865 1455 nova
876 1389 899 1474 ¹,
916 1407 1086 1473 uunquam
1101 1396 1224 1474 tomen,

160 1523 205 1570 ue
222 1502 326 1570 Photii
343 1503 476 1590 quidem
495 1502 711 1591 temporibus,
732 1501 1088 1571 Gracci-contenderant
1109 1502 1228 1570 Roma·
1295 1559 1298 1568 .

159 1640 220 1685 nos
231 1619 398 1705 pontifices
413 1640 431 1686 a
445 1618 630 1706 principatu
645 1617 842 1705 concidisse3
857 1617 913 1686 sed
928 1617 1141 1686 disertissime
1155 1639 1226 1705 pro·

158 1732 338 1802 litabantur
362 1731 551 1822 Byzantinis
575 1733 768 1821 praesulibus
793 1754 859 1800 noo
882 1732 1004 1819 primas
1029 1732 1064 1800 iu
1093 1734 1255 1804 ecclesia*

157 1853 314 1919 universa
340 1852 510 1938 obtigisse,
537 1852 593 1918 sed
614 1861 743 1918 tantum
765 1863 806 1918 ao
830 1850 979 1939 episcopo
1001 1851 1150 1919 Romano
1174 1873 1227 1920 se-

157 1965 321 2034 cundasi.
358 1965 412 2035 Sic
441 1967 510 2053 ipse
543 1964 681 2032 Pbotius
714 1965 749 2030 in
781 1968 1004 2054 Syratcpmate
1030 1987 1224 2032 canonum:

164 2081 580 2168 «constantinopolitanus
606 2081 774 2168 episcopus
803 2081 922 2148 habeat
946 2081 1070 2168 priores
1092 2081 1225 2148 honoris

159 2206 269 2282 parim
296 2206 368 2283 post
387 2196 575 2264 Romanum
597 2197 798 2284 episcopum,
819 2197 961 2285 eoquod
984 2197 1027 2264 sit
1050 2196 1120 2284 ipsa
1144 2217 1225 2264 nova

159 2311 268 2378 Roma
279 2309 303 2378 ³.
321 2335 337 2375 u
415 2371 418 2383 ,

205 2429 249 2494 At
273 2428 341 2495 hac
364 2426 530 2494 Anastasii
552 2425 731 2494 commodis
754 2447 820 2494 oon
846 2428 923 2496 satis
943 2426 1131 2514 proderant,
1149 2426 1220 2514 qui,

155 2543 282 2612 veritus
302 2563 344 2612 nc
364 2543 499 2630 quidam
521 2543 662 2632 episcopi
678 2542 803 2634 Galliae,
819 2545 846 2612 si
867 2565 941 2613 vera
957 2545 1123 2634 audirent,
1139 2544 1225 2614 sedis

191 2777 214 2823 l.
232 2772 367 2822 Concilium
381 2773 551 2822 oecumenicum
562 2775 595 2831 ΙΙ.
608 2790 631 2824 a.
647 2777 691 2826 att
702 2775 821 2836 habitum,
835 2773 1119 2837 decreveretepiscopum
1131 2774 1225 2836 Byzan-

156 2853 239 2902 tinum
253 2853 341 2902 honoro
354 2854 464 2914 maximo,
481 2854 611 2903 sectandum
630 2856 763 2904 Romanum
781 2853 927 2917 pontificem,
947 2852 1074 2902 colendum
1088 2866 1140 2901 osso
1156 2868 1162 2901 :
1178 2853 1226 2901 Τὸν

157 2935 202 2995 μέν
212 2949 250 2981 τοι
260 2933 532 2988 Κωνσταντινουπὸλεως
543 2933 672 2984 ἐπίσκοπον
686 2933 749 2996 ἔχειν
763 2933 793 2981 τὰ
805 2933 921 2998 πμσὸεῖα
930 2933 971 2992 τῆς
986 2931 1054 2996 τιμῆς
1065 2931 1124 2994 μετὰ
1136 2930 1176 2978 τὸν
1185 2931 1226 2991 τῆς

161 3011 261 3076 Ῥώμης
274 3011 418 3074 ἐπίσκοπον,
436 3012 476 3060 διὰ
489 3013 516 3061 τὸ
529 3013 589 3062 εἶναι
601 3013 674 3072 αὐτὴν
686 3013 740 3061 νέαν
756 3011 862 3075 Ῥώμην.
879 3013 949 3075 (Cen.
964 3025 1005 3075 111,
1018 3028 1057 3077 ap.
1070 3013 1226 3076 Pitrn,.lurr'e
1288 3064 1291 3070 ¹

156 3093 246 3142 eccles.
260 3093 339 3143 Groec.
349 3095 524 3156 monumento,
535 3099 553 3142 t.
569 3094 590 3155 1,
599 3108 623 3159 p.
633 3092 699 3157 5⁰9.)
715 3093 783 3142 Idem
797 3093 945 3142 confirmavit
958 3093 1086 3143 concilium
1097 3093 1227 3144 Chalcedo-

156 3187 233 3222 nense
247 3174 421 3222 oecumeuicum
434 3188 457 3222 a.
469 3175 511 3222 titt
523 3173 643 3236 habitum,
658 3173 683 3221 in
702 3187 793 3222 canone
806 3184 894 3223 xxvtrt
908 3173 994 3237 (l’itra,
1007 3174 1077 3238 ihrd,
1090 3190 1114 3239 p.
1127 3177 1225 3234 tan-a).

157 3252 222 3311 Quid
232 3253 262 3302 de
274 3253 326 3301 istis
339 3253 473 3302 canonibus
489 3253 607 3302 senserint
620 3252 722 3302 Romani
740 3253 864 3317 pontifices
878 3258 903 3301 et
916 3268 959 3302 our
975 3269 1015 3303 eos
1031 3254 1072 3303 diu
1090 3255 1225 3318 rejecerint,

156 3333 212 3382 vide
226 3333 287 3397 apud
303 3333 386 3383 Helela
402 3333 523 3393 (Histoire
534 3333 579 3382 des
590 3333 706 3396 condies,
716 3338 736 3382 t.
747 3333 778 3396 ll,
793 3348 817 3397 p.
833 3334 953 3395 att-2203
968 3340 985 3383 t.
1000 3335 1045 3397 tlt,
1059 3349 1084 3398 p.
1097 3337 1140 3384 125
1150 3334 1225 3398 sqq.).

188 3415 212 3462 2.
230 3414 264 3464 Ut
274 3413 331 3477 ipsse
342 3411 408 3474 leges
420 3413 502 3462 civiles
513 3413 607 3477 imperii
617 3412 743 3476 Byzantini
756 3412 916 3477 principatum
930 3414 1011 3462 Roma
1023 3413 1110 3462 ueteris
1124 3411 1226 3462 dilucido

155 3492 350 3558 comprobarent.
377 3495 433 3542 llaec
454 3492 520 3542 enim
544 3493 694 3543 lastinianus
715 3492 739 3541 iu
756 3492 849 3541 nouella
875 3494 975 3543 CXXXI
992 3508 998 3542 r
1015 3492 1225 3542 «sanctissimum

155 3587 263 3636 namquo
287 3572 376 3621 veteris
395 3574 476 3622 Rome
499 3587 595 3637 papam,
619 3586 648 3620 ex
671 3577 805 3620 uenturum
831 3573 974 3636 synodorum
995 3571 1097 3635 placitis,
1118 3571 1225 3620 omnium

155 3653 297 3718 pontificum
316 3653 421 3716 primum
440 3667 502 3716 esso,
525 3651 691 3701 beatissimum
705 3667 762 3701 roro
776 3650 1043 3716 Constantinopolitano
1062 3651 1137 3711 urbis,
1159 3665 1226 3699 nouae

157 3737 240 3784 Romae
251 3735 400 3799 episcopum,
411 3734 540 3783 secundam
551 3733 658 3782 obtinere
672 3733 753 3783 sedem
763 3734 794 3782 ab
805 3734 931 3798 apostolico
940 3733 1029 3782 veteris
1041 3735 1121 3784 noma
1131 3732 1224 3793 throno,

157 3814 318 3864 deceruimus.
335 3832 347 3860 o
363 3814 447 3878 (Pitra,
459 3814 529 3877 ibid,
545 3829 569 3877 p.
580 3813 648 3877 513.)

189 3895 213 3942 3.
231 3893 309 3942 Photii
325 3893 467 3957 Syotupma
478 3908 612 3954 cononum,
626 3894 664 3941 tit.
678 3894 696 3954 l,
709 3909 763 3958 cap.
774 3906 791 3942 v
803 3893 907 3957 (Migue,
918 3893 946 3942 P.
956 3893 996 3957 G,
1009 3899 1028 3940 t.
1040 3893 1102 3953 ClV,
1120 3907 1144 3955 p.
1159 3892 1224 3955 tto).

156 3973 207 4022 Cur
217 3973 291 4022 Greci
305 3972 390 4022 deindo
403 3972 427 4021 iu
442 3972 514 4021 aliam
524 3973 627 4021 abierint
638 3974 793 4031 sententiam,
805 3986 851 4020 nou
864 3979 970 4021 nostrum
982 3987 1041 4021 onus
1054 3977 1091 4022 est
1104 3986 1224 4034 quaerere;

155 4050 199 4100 sed
214 4057 297 4101 tamen
313 4067 359 4100 nou
372 4052 414 4100 abs
428 4067 454 4102 ro
470 4051 575 4100 alienum
587 4052 681 4100 videtur
690 4052 891 4114 animadvertero,
906 4050 986 4100 seculo
1002 4051 1076 4100 etiam
1090 4051 1224 4114 undecimo,

155 4132 210 4183 Joh.
226 4133 345 4182 Zonaram
364 4133 388 4180 in
400 4147 428 4182 eo
443 4131 507 4196 quod
522 4132 621 4180 concilia
634 4132 778 4181 aecumenica
794 4137 937 4180 censuerant
952 4131 1011 4179 satis
1025 4131 1128 4181 fideliter
1142 4133 1226 4197 persti-

156 4216 225 4262 tisse.
242 4213 273 4262 V.
289 4213 387 4262 Zonara
400 4213 598 4272 Commentario,
619 4213 644 4260 in
662 4212 774 4277 oporibus
788 4212 833 4261 Th.
848 4211 999 4260 balsamonis
1022 4212 1126 4276 (lligue,
1142 4212 1171 4262 P.
1183 4211 1225 4275 G.‚

157 4300 175 4342 t.
194 4293 344 4356 CXXXVll,
358 4308 382 4357 p.
399 4293 493 4355 tet-6).
