2954 5050
255 465 301 518 lit
339 466 541 519 nnnsrnsll
562 463 750 515 INGENIUM
771 463 818 513 EX
839 422 1040 514 emeretis
1063 461 1220 512 NlCOLnr
1243 458 1253 507 l

253 609 482 679 bibliothecam
511 607 693 695 scriptaque
723 605 913 695 reperienda
944 625 1066 692 magno
1090 602 1194 672 luerat
1220 601 1321 690 adju-

254 734 378 794 mento.

297 839 431 909 Etenim
451 861 527 908 cum
546 841 638 926 plura
660 837 726 906 sint
749 837 847 925 hujus
874 836 1050 924 singularis
1077 835 1220 904 historie
1244 855 1320 922 quse

254 955 490 1026 recentioribus
526 955 687 1022 historicis
723 951 997 1040 impedimentum
1030 947 1171 1018 inierant
1185 949 1207 1038 ¹,
1243 957 1321 1018 tum

254 1072 400 1160 primum
413 1071 447 1138 id
460 1069 685 1158 inexplicabile
700 1069 839 1154 videtur,
856 1088 915 1135 cur
929 1060 1117 1155 Wulladus,
1139 1086 1224 1134 anno
1244 1073 1322 1133 tan·

254 1195 326 1254 tum
355 1187 431 1275 866,
467 1195 539 1275 post
561 1184 730 1254 silentium
754 1182 927 1251 duodecim
953 1202 1045 1270 paene
1072 1200 1251 1267 annorum,
1277 1179 1320 1248 ad

254 1303 364 1371 sedem
386 1301 593 1391 apostolicam
615 1315 729 1367 rursus
751 1298 977 1387 appellaverit,
1004 1309 1105 1386 quam
1127 1315 1218 1388 spem
1244 1307 1276 1365 et
1299 1317 1319 1362 a

253 1438 319 1505 quo
333 1416 516 1504 conceperit
533 1415 727 1484 conciliandi
740 1414 902 1502 pontilicis
914 1413 1066 1502 Romani,
1086 1432 1184 1502 quem
1198 1413 1238 1481 de
1251 1413 1320 1480 suis

253 1532 385 1620 injuriis
400 1534 614 1620 expostulare,
636 1551 653 1599 a
669 1529 789 1599 Leonis
806 1530 855 1600 IV
869 1531 1084 1618 temporibus,
1101 1539 1157 1598 aut
1171 1530 1321 1598 noluerat

254 1657 311 1716 aut
332 1647 598 1717 reformidaverat
613 1644 638 1715 ².
663 1645 748 1714 Rem
771 1666 850 1714 saue
874 1645 1106 1734 perobscuram
1130 1647 1321 1733 nodumque

255 1763 433 1852 difficilem,
449 1763 506 1832 sed
521 1783 622 1851 quem
638 1772 749 1830 tamen
764 1762 915 1852 expedire
929 1762 1065 1832 sortasse
1078 1762 1273 1852 poterimus.

255 2004 323 2054 nobis
337 2003 389 2068 ipse
404 2002 471 2051 misit
483 2001 557 2051 frater
570 2007 595 2051 et
608 2000 762 2065 coepiscopus
812 2003 843 2052 ln
866 2001 956 2068 quibus
978 2005 1077 2067 quantu
1100 2001 1323 2067 reprehensionum

254 2090 334 2135 noster
355 2084 508 2146 Hincmarus‚
532 2080 644 2133 videlicet
666 2081 692 2130 in
714 2095 762 2145 quo
811 2083 1111 2148 invenieturconpcries,
1127 2083 1323 2134 recoluerimus

254 2163 390 2228 presignati
403 2160 485 2212 clerici
494 2161 618 2223 degradati
627 2165 691 2224 sunt,
702 2161 763 2210 neta
812 2165 929 2215 emittere
935 2180 981 2228 per
987 2163 1100 2229 sinqulu,
1108 2164 1216 2229 facilius
1225 2164 1323 2214 abartoe

254 2243 392 2304 relegimus.
416 2239 465 2292 Sed
485 2240 522 2290 his
540 2241 660 2304 omnibus,
684 2240 764 2290 idest
812 2241 1322 2310 quamoerbodeficient.lbinemquescl-

254 2327 305 2370 tam
319 2320 365 2370 illis
384 2319 545 2369 monumentis
564 2335 619 2386 que
630 2336 704 2385 penes
718 2335 761 2370 nos
812 2325 875 2374 sitas
885 2325 976 2391 inipso
986 2325 1323 2380 mundetionuminrenitur

254 2400 381 2460 habentur,
396 2413 468 2464 quem
483 2399 511 2448 iis
525 2415 579 2464 qum
589 2401 654 2451 idem
662 2401 762 2450 antistes
808 2405 948 2470 principio.
958 2404 998 2453 An
1011 2405 1204 2468 consutitias...
1214 2407 1226 2456 i
1235 2425 1261 2468 ι,
1273 2411 1321 2457 cic.

254 2479 322 2530 uobis
343 2479 480 2541 destinavit,
503 2479 548 2529 rite
570 2480 678 2531 collectis
703 2496 762 2531 enu-
813 2486 916 2552 (ilignei,
939 2492 960 2536 t.
979 2485 1066 2549 CXIX,
1090 2501 1115 2550 p.
1137 2487 1235 2548 lotam
1248 2485 1322 2548 lade,

253 2558 407 2624 cleanterque
431 2559 563 2624 recensitis,
590 2561 701 2612 nondum
731 2560 762 2611 li·
844 2581 869 2615 n.
895 2567 967 2617 2822.
991 2567 1074 2631 Neque
1090 2565 1115 2616 id
1138 2563 1252 2616 dissimile
1274 2571 1322 2627 est,

255 2640 334 2707 quido
347 2641 419 2706 putet
442 2639 542 2689 eosdem
561 2640 665 2691 clericor
685 2655 761 2706 repu-
845 2647 918 2711 quod,
940 2645 1024 2696 eodem
1044 2646 1094 2707 die,
1114 2645 1145 2696 ad
1166 2647 1323 2696 llinomarum

256 2719 347 2772 inciter
382 2719 469 2784 produ
503 2722 607 2786 proprio
642 2722 762 2770 cambae.
845 2725 961 2790 scriptum
987 2731 1034 2776 est.
1062 2727 1090 2776 V.
1126 2727 1217 2792 biigne,
1247 2725 1321 2790 ibid„

259 2802 352 2853 Verum
368 2815 414 2851 nos
429 2815 473 2850 nce
487 2800 532 2850 boc
546 2801 651 2852 interim
660 2801 763 2866 jmtifi·
845 2824 869 2873 p.
885 2807 1043 2870 1882ς8888,
1059 2821 1083 2857 n.
1101 2807 1183 2872 2823.)

255 2895 351 2946 mmor,
379 2896 425 2932 nec
458 2895 506 2944 pro
545 2881 591 2930 boe
628 2879 765 2946 quemlibet
1014 2876 1016 2881 ’
1216 2894 1219 2900 ·

255 2962 453 3012 condemnamus
476 2975 486 3011 .·
508 2973 553 3010 nec
576 2961 656 3025 facile
679 2975 764 3014 vocem

256 3041 364 3092 istorum
377 3040 532 3105 spernimus,
545 3055 588 3091 nec
596 3041 763 3091 reverentiam

251 3117 393 3185 jamdicti
411 3118 504 3183 fratria
520 3118 662 3184 improvide
680 3133 764 3185 repre-

257 3196 430 3249 tendimus.»

260 3277 363 3341 (Misus,
391 3284 410 3328 t.
436 3279 523 3341 cxlx,
555 3294 579 3344 p.
607 3280 666 3340 9673
694 3277 764 3337 tane.

286 3372 312 3408 n.
335 3359 407 3409 2888.
427 3359 495 3417 Quod
510 3360 572 3409 idem
592 3359 642 3408 lere
660 3359 766 3422 reperies

285 3438 311 3489 in
329 3439 450 3504 Epistola
466 3439 569 3490 Nicotci
588 3437 622 3489 ud
645 3439 766 3488 Hincma·

286 3532 355 3582 rum,
368 3519 452 3569 eodem
464 3517 502 3568 dis
518 3518 615 3582 scripte.
630 3517 662 3566 V.
673 3517 765 3579 iliano,

287 3598 358 3662 ibid,
368 3613 394 3664 p.
406 3601 464 3661 96l;
475 3598 545 3664 lade,
559 3613 584 3648 u.
597 3597 680 3661 2882.)

288 3691 312 3738 l.
329 3687 356 3737 t.
371 3688 478 3753 Sobrors,
493 3689 535 3754 qui
548 3685 695 3752 nuperrime,
716 3685 761 3734 etsi
783 3683 885 3734 multam
898 3697 996 3748 operam
1018 3685 1043 3735 in
1064 3685 1109 3737 bac
1123 3701 1149 3738 re
1163 3683 1321 3753 impenderat,

256 3768 326 3820 fateri
348 3773 430 3820 temen
451 3768 534 3819 debuit
550 3767 580 3818 de
594 3771 661 3832 perte
675 3763 779 3828 quadam
797 3766 869 3828 hujus
887 3761 992 3815 historice
1011 3767 1068 3817 ferri
1085 3779 1134 3818 non
1147 3781 1217 3834 posse
1230 3773 1321 3818 certum

254 3846 378 3912 judicium
407 3865 414 3900 ε
446 3850 517 3901 alliu
545 3842 742 3899 antscbeidendes
766 3844 843 3894 Urteil
863 3843 922 3895 lisst
946 3845 997 3896 sicb
1019 3846 1043 3897 in
1066 3847 1143 3898 dieser
1161 3849 1237 3912 Frage
1257 3847 1323 3897 nicht

256 3928 374 3989 abgoben.
390 3947 403 3977 ιι
420 3930 568 3994 (illicimur,
583 3944 608 3994 p.
618 3928 673 3990 284,
687 3939 712 3973 n.
727 3924 777 3987 82.)

288 4011 313 4056 2.
330 4008 473 4060 Wulladum
487 4013 588 4076 ejusque
606 4007 680 4058 socios
695 4003 725 4052 ad
743 4002 825 4052 sedem
838 4003 1001 4071 apostolicum,
1016 4009 1097 4060 Leone
1109 4024 1172 4075 papa
1182 4009 1227 4073 lV,
1241 4003 1320 4074 appel-

255 4086 327 4146 lasse,
342 4095 435 4139 constat
453 4106 480 4140 ex
498 4090 585 4141 litteris
596 4090 667 4153 hujm
682 4083 799 4150 pontilicis
818 4098 900 4134 recens
915 4087 939 4136 in
958 4088 1039 4140 codice
1054 4089 1199 4140 Loudinensi
1214 4089 1321 4155 repertis.

256 4167 289 4216 V.
305 4167 387 4218 Neues
398 4171 501 4234 Arabio,
518 4178 538 4222 t.
553 4173 585 4233 V,
608 4186 632 4236 p.
645 4170 700 4230 888,
722 4179 746 4214 n.
774 4166 813 4214 ll.
829 4163 866 4215 cl.
885 4167 977 4219 Nicolci
997 4171 1080 4236 Epist.
1106 4171 1143 4219 ad
1156 4171 1320 4220 Hincmurum

256 4245 359 4310 (Minoe,
378 4253 397 4296 t.
410 4250 495 4313 cxlx,
518 4267 543 4314 p.
563 4253 629 4314 968),
646 4248 729 4312 Epist.
750 4244 787 4294 od
798 4244 945 4298 Herae-dum
969 4250 1049 4315 (ibid,
1065 4266 1090 4316 p.
1106 4251 1173 4315 988),
1189 4251 1270 4316 Epist.
1287 4249 1322 4299 nd

255 4332 315 4383 eyn.
328 4317 457 4371 Suesricn.
473 4320 552 4381 libid..
568 4336 593 4384 p.
607 4321 686 4383 1888),
699 4317 781 4380 eptae.
799 4315 835 4366 cd
849 4317 1018 4372 Hancmamm
1030 4323 1110 4388 (ibid,
1124 4338 1149 4388 p.
1166 4323 1246 4386 8888).
