3006 5050
431 473 474 523 lat
496 472 715 526 conposuit
738 473 781 524 ΕΤ
804 473 987 525 ntertvlr
1195 477 1238 527 lat

176 613 370 685 Gemmulus
382 635 449 684 non
461 615 722 705 moderesponsa
735 615 898 686 Zachariae
912 615 1093 705 dictaverit,
1109 615 1167 687 sad
1180 618 1239 688 has

175 731 273 800 etiam
296 733 432 820 litteras,
450 753 531 820 quas
546 730 729 800 Bonifatius
739 730 779 800 ad
793 731 905 802 sedem
918 731 1127 819 apostolicam
1141 733 1241 800 mise·

173 856 237 934 rat,
261 856 294 917 et
319 847 488 934 receperit,
505 854 538 916 et
556 846 684 934 legarit,
706 854 750 934 et,
771 845 990 935 respondendi
1007 865 1118 936 cansa,
1134 846 1240 935 diges-

175 962 267 1032 serit.

219 1076 314 1159 Quod
334 1077 435 1146 etiam
458 1076 529 1146 fieri
554 1097 593 1148 ea
612 1085 705 1165 atate
718 1097 819 1166 qnam
832 1097 893 1148 nos
917 1076 1060 1166 agimus,
1088 1075 1134 1146 ita
1152 1075 1240 1146 inter

174 1195 313 1282 aquales
326 1193 476 1262 homines
494 1194 625 1282 vulgata
639 1191 724 1262 lama
738 1202 821 1282 erat,
841 1201 891 1280 ut,
907 1213 984 1262 oum
997 1191 1138 1282 episcopi
1161 1190 1240 1260 Gal-

95 1375 98 1382 .
172 1309 294 1376 liarum
314 1308 355 1376 ab
375 1307 541 1377 Hadriano
558 1306 590 1375 11
605 1309 779 1397 rescriptas
799 1309 923 1379 litteras
946 1309 987 1377 ad
1006 1329 1082 1376 suas
1097 1307 1241 1396 accepis·

174 1433 249 1492 sent
258 1424 282 1511 ¹,
305 1425 394 1492 hunc
419 1443 536 1511 papam
557 1443 623 1492 non
642 1421 865 1493 dubitaverint
881 1423 1131 1511 reprehendere,
1152 1423 1240 1510 quod

174 1539 203 1606 is
217 1539 275 1626 qui
286 1537 399 1626 jassus
412 1549 482 1606 crat
496 1538 536 1606 ab
552 1557 590 1606 eo
604 1557 641 1606 cr
662 1537 734 1625 cios
752 1557 891 1626 persona
920 1537 1112 1625 rescribere,
1137 1557 1179 1606 ne
1201 1558 1240 1607 ea

173 1653 308 1742 quidem
333 1662 455 1724 attente
477 1654 609 1742 legisset
632 1671 706 1742 qua
738 1653 801 1741 ipsi
827 1652 868 1722 ad
895 1653 1007 1722 sedem
1031 1653 1240 1741 apostolicam

174 1769 382 1856 scripserant.
404 1768 465 1837 His
488 1768 578 1837 enim
598 1768 703 1837 verbis
726 1770 937 1856 alloquuntur
958 1767 1165 1837 Hadrianum
1180 1789 1241 1857 pa·

174 1904 253 1971 pam
266 1885 406 1972 episcopi
419 1905 429 1952 r
445 1885 571 1953 «Gesta
586 1881 719 1973 synodi,
735 1883 905 1971 inquiunt,
924 1881 966 1948 ab
978 1881 1157 1972 antiquitate
1165 1903 1241 1950 aas·

177 2009 230 2065 tra
251 1997 451 2066 sublimitati
469 2011 584 2067 cestrae
597 2019 661 2089 per
670 1999 822 2067 eumdem
833 1999 979 2089 fratrem
993 2010 1143 2064 nostrum
1158 1997 1241 2088 (Ac-

175 2113 667 2203 terdum)secucdumcanancs
680 2135 791 2181 sacros
807 2112 941 2201 directa,
959 2112 1001 2180 ab
1016 2133 1053 2179 ao
1069 2112 1126 2180 cai
1144 2112 1239 2180 nobis

175 2227 254 2297 inde
261 2229 420 2319 jussistis,
444 2229 527 2298 sicut
549 2229 631 2320 ipsa
645 2228 764 2297 litterae
777 2239 975 2315 monstrant,
991 2226 1174 2315 rescribere,
1200 2247 1241 2296 ca

176 2343 304 2435 intepro
328 2345 447 2440 reiecta
469 2367 539 2413 nort
558 2344 664 2435 [uisse
683 2343 897 2412 advertimus.
924 2342 992 2411 Sed
1014 2356 1046 2412 et
1069 2342 1239 2435 epistolam

176 2471 325 2528 nostram
339 2458 379 2527 de
391 2459 511 2529 eisdem
526 2461 708 2529 actionibus
727 2460 920 2529 auctoritati
935 2471 1049 2528 vasam
1069 2457 1241 2527 transmis-

175 2597 250 2642 sam
261 2574 370 2643 studio
383 2577 564 2644 necessario
580 2599 657 2644 eum
670 2598 738 2644 nan
753 2575 901 2667 relepisse
919 2575 1149 2666 comperimus.
1165 2599 1182 2638 o
1200 2573 1242 2642 Et

177 2689 262 2758 inire
280 2711 290 2760 t
311 2715 329 2756 a
352 2690 444 2761 Unde
463 2714 553 2760 nunc
566 2691 660 2760 nabis
674 2713 742 2760 aaa
756 2703 837 2761 esset
853 2690 1072 2758 necessarium
1086 2711 1242 2758 accusare

176 2803 258 2893 siis,
272 2827 370 2895 quem
383 2807 477 2875 nabis
483 2807 630 2897 jussistis
643 2807 829 2895 rescribere,
844 2805 892 2873 ad
902 2805 1009 2873 locum
1024 2803 1060 2871 ia
1072 2813 1240 2894 pastorum

176 2919 390 3010 synodalium
415 2921 499 2990 seria
519 2919 749 3012 lepr'sset'...n

221 3035 264 3105 ll.
290 3037 459 3118 Quacum
474 3038 518 3106 ita
532 3038 610 3125 sint,
627 3059 692 3107 noo
703 3036 775 3127 jam
788 3037 930 3105 otiosum
946 3033 1118 3104 videbatur
1131 3031 1241 3123 inqui·

178 3171 250 3220 rere
267 3172 309 3220 an
331 3153 429 3220 ctiam
442 3153 604 3221 Nicolaol
624 3153 697 3222 talis
717 3151 848 3241 adjutor
863 3150 989 3239 luisset,
1003 3169 1102 3238 quem
1123 3169 1197 3238 ege,
1213 3149 1241 3219 si

177 3266 315 3335 barbare
333 3269 422 3356 loqui
437 3267 485 3337 ias
508 3277 570 3358 est,
589 3266 783 3336 dictatorcm
796 3267 1008 3355 epistolarum
1022 3264 1173 3335 vocabat
1189 3264 1242 3332 Ad

178 3383 263 3451 hanc
272 3382 363 3452 enim
375 3383 618 3470 indagationem
631 3404 685 3452 me
698 3383 856 3453 incitabat
868 3381 977 3469 gravis
988 3381 1139 3470 quadam
1152 3379 1244 3467 cogi·

177 3498 269 3583 tatio,
294 3517 395 3587 quam
418 3500 516 3568 velim
535 3499 647 3587 etiam,
667 3499 696 3566 si
717 3498 774 3587 qui
797 3495 909 3585 legant
933 3497 1023 3567 hunc
1044 3496 1182 3582 librum,
1205 3503 1242 3564 ut

177 3623 373 3702 presentem
391 3631 521 3704 semper
533 3615 569 3684 in
584 3615 686 3684 oculis
699 3613 854 3683 habeant.

208 3860 232 3909 l.
249 3857 316 3918 Quas
343 3859 457 3911 Hadriani
481 3862 503 3912 ll
533 3861 625 3912 litterar
654 3859 710 3912 ride
734 3861 797 3926 apud
828 3859 922 3923 iligna,
959 3864 980 3908 t.
1008 3857 1107 3917 CXXll,
1133 3869 1173 3920 cp.
1201 3855 1242 3919 ³8,

178 3953 203 4003 p.
225 3941 298 3990 lata.

207 4019 232 4068 2.
249 4019 407 4083 decomptum
422 4021 594 4086 episcoporum
608 4020 702 4086 synodi
716 4021 878 4071 buciacensis
890 4017 926 4068 ad
936 4015 1100 4067 Hadrianum
1108 4028 1204 4081 papam
1219 4013 1246 4066 ll

179 4095 311 4161 (sirmond,
326 4101 439 4151 Concilio
454 4100 555 4163 Gallice,
569 4106 589 4151 t.
604 4101 646 4164 lll,
660 4115 684 4165 p.
694 4101 760 4165 lot).

207 4177 232 4226 ³.
251 4178 277 4225 ln
289 4192 335 4242 quo
345 4193 390 4240 ego
399 4179 486 4230 inciam
496 4181 604 4244 exemplo
613 4181 732 4232 anastasii
743 4177 918 4230 bibliothecarii
926 4177 960 4242 (r.
970 4175 1091 4227 Anastasii
1099 4173 1243 4242 Epistolam

177 4255 212 4305 ad
233 4255 376 4310 iohannem
403 4260 549 4324 diaconum,
573 4261 665 4324 Misce,
691 4266 710 4312 t.
736 4257 845 4321 cxxlx,
870 4273 896 4322 p.
919 4258 975 4321 tta)
995 4262 1021 4308 et
1034 4254 1111 4307 Caroli
1133 4255 1201 4306 Calvi
1215 4253 1245 4303 ed

179 4335 326 4386 Hadrianum
336 4339 357 4389 ll
368 4338 494 4390 scribentis
508 4339 610 4404 (migne,
625 4345 644 4389 t.
657 4340 768 4402 CXXIV,
783 4353 809 4402 p.
822 4339 887 4402 886).
