3006 5050
518 447 681 500 PLENIUS
700 447 943 500 OSTENDITUR
1215 449 1261 500 ddi

196 589 291 660 libitu
312 598 345 658 et
367 589 532 662 commodi
547 609 645 662 causa
664 589 762 660 modo
782 589 940 678 accipere,
959 587 1056 659 modo
1072 590 1256 682 repudiare.

196 707 260 775 Sed
282 705 353 794 jam
383 705 476 774 illum
501 703 699 774 audiamus:
724 731 742 769 (ι
760 704 840 786 Qua
867 704 958 794 ipsa,
977 705 1102 794 lnquit,
1132 705 1260 778 divano

196 832 342 910 tempore
364 820 496 909 scripsit
515 819 626 908 (sedes
649 819 856 909 apostolica),
876 819 970 890 omni
993 819 1115 890 debent
1136 822 1260 892 honora

195 935 355 1026 preferri,
372 946 405 1004 et
423 935 463 1004 ab
483 934 638 1006 omnibus
655 955 789 1023 pmrsus
804 934 840 1003 in
857 934 1057 1022 quibuslibet
1072 936 1260 1024 opportuni·

195 1052 319 1120 tatibus
339 1049 536 1120 discretione
554 1050 604 1119 rol
627 1049 869 1138 dispensatione
896 1049 1053 1138 magistra
1076 1059 1261 1120 reverenter

197 1167 332 1236 assumi.
355 1164 549 1253 Quanquam
568 1164 701 1253 quidam
720 1174 864 1234 vostrum
882 1164 1071 1253 scripserint
1091 1165 1177 1234 baud
1201 1165 1261 1234 illa

197 1281 374 1350 decretalia
395 1279 581 1371 prucorum
605 1301 776 1370 paparum
801 1279 836 1347 in
859 1289 926 1348 tnta
949 1278 1067 1349 codicis
1094 1299 1259 1348 canonum

195 1417 329 1485 corpore
351 1395 513 1464 contineri
534 1395 708 1484 descripta,
727 1415 805 1463 oum
823 1395 899 1482 ipsi,
919 1394 978 1463 ubi
996 1417 1063 1464 sna
1084 1396 1259 1467 intentioni

194 1513 256 1578 hoo
282 1510 453 1598 suffragari
477 1510 695 1598 conspiciunt,
719 1509 786 1578 illis
809 1507 1035 1602 indifferenter
1053 1522 1207 1600 utantur,
1226 1520 1259 1580 et

194 1631 300 1697 solum
315 1650 404 1700 nuno
418 1629 457 1696 ad
471 1628 739 1696 imminutionem
750 1627 916 1716 potestatis
930 1627 1016 1696 sedis
1030 1629 1209 1716 apostolicae
1223 1637 1255 1697 et

193 1746 235 1813 ad
256 1765 392 1816 suorum
412 1753 628 1832 augmentum
651 1743 896 1831 privilegiomm
912 1743 1023 1811 minus
1039 1752 1168 1832 accepta
1187 1765 1259 1812 esso

193 1860 399 1950 perhibeant.
410 1861 492 1929 Nam
508 1862 666 1929 nonnulla
677 1881 792 1929 eorum
808 1859 1009 1948 (Gallorum)
1024 1860 1142 1948 scripta
1156 1883 1256 1951 persor

194 1998 255 2044 reos
265 1975 522 2065 labentumque
536 1997 600 2047 non
617 1978 722 2045 solum
737 1995 1020 2063 quorumcumque
1032 1976 1256 2044 Romanorum

195 2092 400 2179 pontificum,
417 2113 531 2162 verum
555 2092 654 2161 etiam
671 2090 824 2182 priorum
849 2090 975 2160 decretu
997 2090 1034 2158 ιἰι
1057 2090 1126 2160 auls
1149 2091 1259 2158 causis

189 2209 355 2297 praeferre
369 2220 549 2276 noscuntur
559 2208 581 2275 ⁸.
594 2233 611 2274 n

239 2321 344 2412 Quid,
367 2345 488 2411 quaeso,
515 2333 710 2412 potestesse
733 2322 962 2397 manifestius?
976 2325 1059 2404 Qne
1081 2324 1257 2394 decretales

193 2439 376 2526 priscorum
400 2460 559 2528 paparum
582 2442 731 2511 hocloco
754 2461 772 2508 a
795 2440 951 2526 scriptore
968 2439 1143 2528 pontificali
1169 2460 1258 2512 oom-

192 2554 404 2641 mendantur,
430 2576 497 2623 non
523 2565 600 2623 sunt
622 2557 874 2644 qualescumque
898 2563 954 2624 aut
977 2565 1049 2623 tum
1069 2557 1103 2622 in
1127 2556 1257 2624 archivo

191 2669 341 2738 Romano
370 2656 527 2756 latentes,
561 2680 617 2738 aut
646 2670 741 2738 nobis
767 2671 899 2758 ignotae.
934 2669 1019 2738 Sunt
1046 2671 1108 2738 illoe
1134 2671 1255 2758 quibus

192 2784 333 2872 episcopi
349 2783 528 2854 Galliarum
544 2784 577 2852 in
592 2786 660 2856 suis
680 2785 806 2873 scriptis
825 2779 1049 2877 indiffer'eotcr
1064 2784 1253 2867 uelantur,

190 2921 273 2988 quas
292 2899 388 2988 Galli,
408 2921 489 2988 quas
508 2900 707 2972 Hincmams
721 2901 758 2968 in
771 2901 839 2969 suis
854 2901 960 2968 causis
971 2899 1192 2991 protulerant.
1212 2900 1254 2968 Et

191 3034 229 3084 ea
243 3015 362 3104 scripta
378 3015 549 3085 Hincmari
568 3024 601 3085 et
619 3015 800 3103 Gallorum,
818 3027 856 3084 ut
869 3025 954 3104 tum,
974 3025 1055 3085 teste
1068 3015 1254 3106 Anastasio,

189 3151 290 3220 penes
303 3141 400 3197 erant
415 3129 525 3198 sedem
543 3131 777 3225 apostolicum,
800 3132 846 3200 sio
861 3133 968 3220 aliqua
986 3141 1131 3222 exparte
1149 3132 1255 3201 adhuc

192 3255 320 3314 exstant
335 3247 370 3314 in
389 3247 543 3317 manibus
563 3247 699 3333 nostris,
719 3257 756 3315 nt
770 3247 865 3316 nobis
879 3267 916 3316 ex
931 3248 971 3316 iis
985 3248 1140 3336 inspeetis
1154 3257 1255 3316 totam

190 3360 281 3427 illam
293 3360 547 3450 disputationem
558 3361 599 3431 de
612 3361 699 3431 falsis
706 3362 923 3431 decretalibus
937 3362 1037 3432 fuisso
1052 3364 1122 3431 lnce
1134 3362 1253 3430 clarius

95 3485 102 3494 '
190 3485 355 3563 appareat.

232 3589 293 3659 IX.
318 3589 392 3659 lam
414 3613 501 3680 vero,
529 3592 685 3681 quoniam
715 3614 804 3662 nunc
831 3603 958 3663 certum
985 3593 1252 3682 exploratumque

187 3705 347 3774 habemus
371 3707 450 3794 quid
476 3708 539 3779 sibi
563 3708 756 3778 Anastasius
782 3709 817 3777 in
842 3712 902 3777 bac
927 3710 1061 3796 epistola
1085 3706 1125 3777 ad
1149 3705 1253 3775 Gallos

189 3821 356 3910 episcopos
378 3825 594 3914 proposuerit,
617 3845 698 3912 quas
721 3825 895 3894 decretales
918 3824 1041 3893 ibidem
1059 3822 1253 3911 defenderit,

188 3957 227 4004 ea
241 3947 434 4024 argumenta
448 3947 598 4028 artesque
619 3939 739 4027 quibus
760 3941 812 4008 ille
828 3939 869 4008 ad
889 3939 922 4006 id
941 3936 1158 4010 obtinendum
1172 3959 1253 4010 usus

188 4060 251 4138 est,
266 4061 299 4120 et
310 4071 455 4140 querere
469 4062 501 4120 et
515 4053 659 4142 judicare
677 4075 862 4142 possumus.

218 4233 243 4286 l.
260 4229 353 4280 Nicolai
374 4231 455 4297 Epist.
474 4232 512 4282 ud
535 4233 605 4283 unio.
627 4231 697 4284 Gall.
715 4233 792 4298 episc.
816 4231 919 4296 (Hisne,
941 4235 960 4282 t.
982 4231 1069 4295 cxix,
1089 4245 1114 4296 p.
1135 4234 1198 4294 dllr
1217 4233 1251 4282 ol.

188 4309 372 4374 Appendieem).
