3006 5050
255 436 301 488 {32
339 435 544 490 tutsvtstl
566 435 759 489 lNGENlUbl
779 436 826 488 dx
848 436 1049 489 nvtsvonts
1069 435 1225 488 rvlcoctt
1247 436 1259 488 1

254 581 317 650 sibi
336 580 377 647 ad
397 579 495 669 hujus
513 601 604 668 papae
633 579 840 650 retinendam
867 578 1141 668 benevolentiam,
1168 577 1320 667 quamsi

252 694 336 764 sedis
364 696 544 784 apostolice
570 694 734 764 studiosus
753 706 979 785 propugnator
1003 695 1180 764 videretur.
1200 694 1321 782 ltaque

253 811 550 880 excommunicatus
578 811 633 879 ille
666 810 847 899 presbyter,
885 811 943 899 qui
980 820 1106 898 septem
1138 809 1319 878 continuos

252 944 355 993 annos
376 935 547 993 contumax
566 925 601 993 in
620 924 765 994 Leonem
782 924 830 993 lV
844 923 961 1008 iuerat,
979 926 1035 1014 qui
1052 935 1163 1013 aperte
1178 925 1320 994 rebella·

252 1049 352 1126 verat,
363 1060 462 1127 quem
473 1060 578 1128 neque
584 1039 677 1129 jussa
687 1040 860 1128 pontificis,
872 1061 931 1108 nec
943 1040 1073 1110 decreta
1088 1041 1316 1129 conciliorum,

251 1176 311 1224 nec
320 1176 431 1244 preces
441 1165 497 1224 aut
506 1155 606 1224 minae
616 1156 811 1225 reduxerant
823 1155 862 1224 ad
877 1155 1033 1244 olficium,
1048 1155 1148 1242 idem,
1161 1156 1315 1246 inquam,

250 1269 441 1339 incredibile
455 1281 516 1358 est,
533 1291 608 1338 curn
623 1269 756 1340 Nicolao
767 1270 889 1340 recenti
901 1290 993 1360 papa
1007 1271 1120 1339 Vitam
1139 1269 1174 1340 S.
1191 1269 1316 1339 Johen·

251 1387 302 1454 nis
323 1385 578 1474 Eleemosynarii
592 1385 763 1472 dedicavit,
783 1396 818 1453 ut
838 1386 1063 1454 auctoritatem
1085 1385 1171 1454 sedis
1185 1395 1315 1472 aposto·

249 1498 318 1566 licae
326 1497 557 1585 praedicaverit,
569 1508 606 1565 ut
608 1497 684 1586 jura
693 1518 900 1565 summorum
913 1499 1104 1586 pontificum
1115 1497 1312 1566 laudaverit:

255 1611 388 1698 «Licet,
411 1612 536 1699 inquit,
564 1613 774 1681 membranas
797 1610 989 1699 inciderim,
1017 1612 1163 1680 scedulas
1190 1633 1315 1702 prepa-

250 1727 401 1812 raverim,
415 1749 481 1795 non
497 1740 607 1796 tamen
623 1730 712 1796 hunc
724 1728 759 1795 in
779 1727 922 1796 codicem
937 1727 1096 1796 conficere
1108 1715 1313 1814 ausus‘sum,

179 1905 181 1907 .
249 1853 423 1930 antequam
443 1865 461 1911 a
480 1841 703 1912 dominatione
721 1853 839 1929 vestra,
855 1864 875 1910 o
889 1842 1007 1910 millies
1024 1842 1130 1930 beate,
1146 1842 1312 1910 licentiam

249 1959 381 2046 adipisci
400 1959 580 2047 promerui.
608 1957 721 2045 Neque
741 1957 831 2026 enim
849 1955 898 2025 ias
921 1968 971 2027 est
991 1967 1028 2025 ut
1052 1957 1174 2045 absque
1193 1959 1316 2027 vicario

248 2076 322 2164 Dei,
341 2078 464 2164 absque
484 2075 643 2161 clavigero
666 2073 750 2159 coeli,
772 2072 895 2159 absque
914 2093 1013 2141 curru
1034 2083 1066 2142 et
1086 2072 1199 2158 auriga
1214 2075 1314 2162 spiri-

248 2193 344 2261 tualis
361 2190 501 2277 lsracliS,
517 2189 640 2277 absque
654 2188 874 2257 universitatis
890 2187 1055 2276 pontifice,
1071 2189 1195 2275 absque
1212 2190 1314 2258 unico

247 2327 342 2395 papa,
352 2307 474 2392 absque
484 2304 644 2392 singulari
654 2304 787 2392 pastori,
795 2304 918 2392 absque
929 2305 1058 2392 speciali
1072 2313 1176 2393 patre,
1188 2304 1312 2393 absque

248 2430 279 2488 te
301 2421 451 2487 omnium
472 2420 596 2488 arbitro
621 2419 743 2507 aliquid
766 2428 1012 2488 consummetur
1035 2430 1093 2487 aut
1112 2420 1310 2508 divulgetur.

247 2535 297 2603 Tu
317 2535 408 2603 enirn
429 2543 519 2603 tenes
538 2537 641 2604 claves
658 2534 777 2623 David,
800 2542 835 2602 tu
858 2534 1008 2623 accepisti
1031 2536 1133 2604 claves
1154 2535 1309 2603 scientie.

247 2651 285 2719 ln
314 2672 387 2719 arca
413 2651 532 2739 quippe
560 2650 698 2738 pectoris
722 2650 769 2717 tui
799 2651 919 2718 tabulae
945 2651 1131 2719 testamenti
1156 2659 1189 2718 et
1211 2672 1309 2720 mana

247 2768 384 2837 coelestis
406 2766 530 2856 saporis
556 2765 777 2854 requiescunt.
801 2765 851 2833 Tu
875 2766 964 2835 enirn
985 2765 1073 2853 quod
1091 2765 1187 2852 ligas,
1209 2786 1309 2836 nemo

246 2883 356 2970 solvit3
370 2884 458 2970 quod
468 2883 576 2964 solvis,
593 2901 690 2950 nemo
704 2881 800 2970 ligat3
810 2882 867 2968 qui
878 2881 996 2968 aperis,
1010 2890 1043 2949 et
1056 2901 1153 2950 nemo
1167 2881 1309 2969 claudit;

246 2997 383 3084 claudis,
398 3007 431 3065 et
448 3017 545 3065 nemo
570 2997 684 3084 aperit.
706 2995 824 3066 Vicern
839 3016 982 3082 namque
1000 2997 1036 3063 in
1055 2996 1152 3064 terris
1166 2997 1312 3086 possides

246 3111 305 3180 Dei
320 3111 341 3178 ¹.
357 3134 374 3175 a

290 3225 367 3294 Haeo
381 3226 515 3314 pulchre
529 3226 679 3316 quidem3
700 3236 732 3295 at
746 3247 806 3294 nos
818 3225 986 3295 videamus
1001 3247 1065 3312 qua
1088 3225 1152 3294 fide
1167 3227 1313 3295 Anasta·

245 3343 314 3412 sius
328 3343 363 3410 in
378 3341 419 3410 iis
432 3342 548 3429 egerit,
565 3343 687 3429 quibus
707 3341 762 3411 ille
781 3340 920 3428 artibus,
938 3339 1064 3410 Nicolai
1084 3340 1100 3408 Ι
1119 3341 1312 3410 auctoritate

244 3457 429 3544 scribendo,
441 3456 517 3546 jura
532 3457 688 3526 Romane
704 3456 789 3526 sedis
803 3455 996 3525 defenderit.

288 3573 347 3644 lll.
375 3573 446 3642 Non
467 3574 571 3642 multo
596 3579 771 3658 antequam
789 3569 939 3638 Nicolaus
962 3570 1073 3640 sedem
1101 3570 1311 3658 apostolicam

244 3689 398 3776 obtinuit,
413 3690 449 3757 in
463 3688 636 3757 Franciam
646 3685 878 3754 occidentalem
892 3694 1004 3754 auctor
1012 3685 1148 3773 quidam
1161 3683 1313 3754 audacis·

245 3806 335 3874 sirnae
353 3803 564 3894 impudentiae
584 3800 835 3868 celeberrimum
849 3800 930 3867 illud
948 3820 1030 3888 opus
1047 3799 1204 3888 ediderat,
1220 3799 1310 3888 quod

120 3991 127 4004 ,
244 3939 303 3986 nos
314 3919 429 3988 Falsus
437 3918 484 3988 vel
493 3910 838 3987 Pseudo-Isidorianos
847 3911 1017 3984 decretales
1027 3934 1218 4003 nuncupare
1229 3915 1309 3983 sole·

274 4213 298 4260 t.
316 4211 434 4260 Anastmii
452 4213 576 4277 Profectio
600 4209 635 4262 od
661 4207 794 4260 dominum
820 4205 952 4259 Nicolaum
967 4221 1063 4272 popum
1085 4205 1189 4271 (trigue,
1207 4203 1235 4256 Ρ.
1260 4201 1302 4265 1..,

243 4295 264 4340 t.
275 4289 385 4353 lxxtn,
400 4304 425 4354 p.
437 4291 502 4354 339).
