2954 5050
239 415 283 464 tea
325 412 531 463 lutsrlstl
551 411 742 461 lNGliNlUll
763 412 809 462 EX
831 411 1030 462 netsrotts
1052 403 1205 461 rtlcottl
1227 412 1238 460 l

282 554 342 624 llis
361 555 463 642 igitur
479 553 515 620 in
531 552 692 640 angustiis
702 552 893 622 versabatur
904 556 1019 642 b0m03
1038 573 1127 620 nunc
1140 552 1247 622 videas
1261 574 1302 620 ex

238 671 285 740 eis
299 691 365 758 que
377 679 445 738 arte
459 669 608 749 evaserit,
622 689 733 738 nonne
746 668 945 737 Hincmcrus
959 669 1145 755 Egilonem‚
1159 667 1303 736 Romam

237 784 476 874 proiecturum,
508 792 595 877 recte
625 783 772 852 docuerit
797 793 901 852 certos
930 783 1090 871 quosdam
1117 804 1186 853 esse
1213 786 1303 871 apud

238 901 409 969 Nicolaum
423 899 480 986 qui
499 907 530 966 et
547 898 698 986 epistolas
713 919 844 967 summo
858 898 1003 986 pontifici
1017 898 1154 986 scriptas
1167 909 1200 968 et
1212 899 1302 988 ipses

239 1015 425 1103 apostolicas
439 1015 562 1082 litteras
578 1025 826 1102 corrumperent
837 1014 859 1083 ¹.

281 1130 358 1198 Haec
367 1131 456 1198 enim
467 1129 528 1198 fuit
536 1130 753 1197 Anastasiana
763 1129 908 1198 defensio
921 1129 1071 1200 :Nullam
1083 1129 1302 1198 mutationem

238 1245 398 1335 privilegii
411 1245 577 1313 Benedicti
591 1243 639 1311 111
649 1265 683 1313 se
695 1247 841 1332 primum
853 1245 980 1329 fecisse,
999 1246 1056 1314 sed
1074 1245 1156 1314 illud
1171 1254 1301 1313 tantum

238 1363 412 1448 exemplar,
426 1359 513 1448 quod
530 1360 570 1427 ab
586 1361 764 1428 Hinemaro
777 1360 919 1429 Romam
935 1371 1020 1430 esset
1039 1362 1192 1444 missum,
1207 1381 1302 1428 accu-

239 1486 308 1544 rate
335 1475 554 1563 descripsisse.
584 1474 679 1556 Quod
700 1476 727 1543 si
753 1476 822 1565 ipse
843 1476 965 1545 Nicolai
995 1477 1130 1544 nomine
1155 1476 1301 1544 scribens

238 1591 463 1660 condicionem
477 1591 567 1660 illam
586 1613 603 1657 u
615 1591 642 1658 si
655 1593 700 1658 ite
712 1601 761 1661 est
773 1615 789 1656 u
806 1592 973 1679 omiserat,
988 1593 1073 1659 hanc
1087 1611 1158 1661 esse
1172 1592 1302 1679 culpam

237 1706 420 1792 Hi'ncmari‚
440 1706 498 1794 qui
522 1717 714 1793 corruptum
733 1707 940 1776 Benedictini
958 1707 1121 1797 privilegii
1139 1708 1304 1795 exemplar

238 1823 307 1891 sedi
330 1822 510 1910 apostolica
532 1821 715 1909 obtulisset,
741 1823 778 1890 in
801 1845 866 1910 quo
886 1823 958 1910 jam
984 1833 1070 1891 esset
1096 1833 1129 1891 et
1156 1823 1304 1891 condicio

239 1940 354 2026 deleta,
368 1947 401 2006 et
414 1937 502 2006 aliud
516 1937 696 2024 repositum
708 1939 943 2007 confirmatius.
956 1938 995 2007 In
1010 1940 1070 2006 hoc
1082 1939 1184 2025 igitur
1195 1941 1302 2007 solum

238 2066 400 2144 peccasset
413 2055 607 2123 Anastasius
621 2053 709 2140 quod
729 2053 779 2122 vir
801 2053 936 2141 simplex
955 2054 992 2120 in
1011 2052 1220 2122 fraudulento
1234 2052 1305 2122 viro

239 2173 377 2239 nimiam
397 2171 581 2238 collocasset
601 2166 790 2238 fiduciaml.

271 2349 294 2398 l.
312 2349 402 2396 Preter
414 2346 506 2395 litteras
522 2345 551 2394 ad
564 2344 689 2396 Nicolaum
705 2346 715 2395 l
730 2344 840 2409 scriptas,
853 2345 995 2395 llinemarus
1010 2344 1104 2406 Egiloni
1123 2351 1171 2394 tres
1184 2343 1241 2394 alias
1251 2345 1304 2409 epi·

239 2427 311 2476 stolas
318 2425 419 2476 dederat
428 2425 462 2489 (r.
472 2426 566 2490 Migne,
575 2431 595 2476 t.
604 2426 712 2489 cxxvi,
724 2441 761 2491 ep.
774 2429 798 2488 8,
808 2429 832 2490 9,
841 2428 880 2488 to,
890 2441 915 2490 p.
928 2426 1019 2489 ot-to),
1028 2425 1116 2490 quibus
1127 2441 1183 2476 eum
1193 2426 1305 2476 monebat

238 2506 304 2570 quid,
315 2505 372 2554 dum
381 2508 461 2555 Romu
470 2512 611 2566 moraretur,
625 2512 668 2557 aut
680 2520 752 2567 agere
764 2511 807 2554 aut
818 2506 894 2554 vitare
906 2510 1035 2570 oporteret.
1050 2506 1159 2564 Quarum
1174 2506 1199 2554 in
1211 2521 1256 2555 une
1270 2506 1304 2555 sic

239 2585 346 2648 legatum
366 2600 436 2635 suum
454 2586 593 2636 hortabatur
607 2601 614 2636 :
629 2603 643 2635 u
657 2588 689 2636 Et
706 2585 794 2635 habete
808 2585 955 2649 exemplaria
975 2585 1004 2634 de
1025 2584 1126 2649 epistole
1146 2585 1260 2649 synodali,
1281 2590 1305 2635 et

240 2666 269 2716 de
283 2680 337 2716 mea
351 2665 451 2731 epistola
465 2681 472 2716 ε
484 2673 512 2716 ut
525 2667 545 2716 si
563 2666 637 2731 aliqui
657 2666 712 2715 inda
733 2665 848 2730 quiddam
871 2665 988 2715 soluerint
1004 2665 1093 2728 dicere,
1108 2671 1237 2729 postquam
1252 2663 1305 2714 illas

238 2746 366 2810 apostolico
376 2746 500 2811 dederitis,
515 2747 621 2796 habeatis
637 2761 720 2796 aarum
731 2746 884 2811 exemplaria,
900 2751 925 2795 et
938 2746 1045 2795 habeatis
1058 2761 1100 2795 eas
1113 2746 1174 2796 bene
1187 2745 1304 2807 cognitas.

240 2826 357 2878 Similiter
382 2828 486 2889 satagite
502 2833 530 2876 ut
547 2827 599 2876 illas
618 2826 738 2891 epistolas,
761 2842 820 2891 quas
839 2827 940 2875 domnus
962 2824 1105 2889 apostolicus
1122 2825 1153 2875 de
1172 2826 1217 2876 ista
1234 2840 1304 2874 causa

239 2908 317 2957 lacere
340 2907 444 2970 jubebit,
473 2907 559 2968 legatis
581 2913 710 2971 antequam
723 2907 771 2956 huc
793 2908 928 2968 mittantur,
947 2921 978 2956 ne
996 2907 1102 2972 aliquem
1125 2906 1205 2955 dolum
1228 2905 1305 2954 ineis

239 2987 376 3052 scriptores,
397 2988 466 3036 ciero
481 2986 606 3037 dicuntur
621 2988 715 3051 secere,
735 2987 827 3051 possint
850 2987 1007 3051 imponere.»
1026 2987 1159 3052 (llincmari
1172 2986 1255 3050 Epist.
1268 2985 1305 3036 ud

239 3066 383 3131 lt'piiooem¹
398 3067 491 3128 eligas,
510 3072 529 3116 t.
545 3067 655 3131 CXXVl,
673 3081 698 3132 p.
719 3067 769 3130 66.)
790 3068 822 3117 Et
840 3067 912 3131 paulo
935 3073 1013 3119 ante:
1032 3068 1128 3119 ullitto
1148 3067 1221 3116 etiam
1238 3065 1306 3116 robis

239 3144 343 3211 capitula
356 3145 381 3194 in
394 3145 482 3210 quibus
496 3161 591 3196 summa
604 3147 739 3196 continetur
753 3137 785 3196 de¹
794 3147 904 3197 omnibus
917 3147 1033 3212 epistolis,
1046 3162 1105 3212 quas
1119 3161 1163 3210 pro
1176 3146 1222 3196 ieta
1235 3159 1307 3195 musa

240 3225 309 3276 uehis
324 3225 435 3276 omnibus
448 3225 550 3275 domnus
565 3226 708 3291 apostolicus
720 3226 794 3276 misit.
806 3229 837 3276 Et
848 3242 944 3277 necesse
957 3227 1025 3277 robis
1039 3227 1084 3276 erit
1096 3231 1125 3275 ut
1133 3226 1188 3290 ipsa
1202 3224 1306 3290 capitula

239 3307 301 3357 bene
310 3306 406 3368 cognita
419 3305 535 3369 habeatis,
548 3312 572 3356 et
584 3307 698 3358 memoria
710 3307 812 3357 teneatis
827 3322 880 3371 quo
894 3308 993 3372 sparsim
1004 3307 1028 3355 in
1042 3307 1100 3370 ipsis
1110 3306 1217 3371 epistolis
1229 3306 1305 3354 conti·

239 3391 335 3450 nentur,
345 3389 375 3436 ut
387 3385 410 3436 si
423 3385 465 3435 itti
474 3401 536 3451 quor
545 3387 615 3436 scitia
624 3402 695 3438 more
708 3403 753 3437 ruo
763 3401 811 3438 sua
822 3388 891 3438 dicta
903 3387 1030 3437 involvere
1043 3386 1178 3449 volun-iot,
1192 3385 1306 3436 babeatis

240 3467 373 3517 ueritatem
394 3479 473 3530 quam
489 3466 543 3516 itte
563 3468 715 3532 respondere
727 3469 862 3532 possr'tis.»
877 3467 960 3532 (ibid,
976 3482 1000 3530 p.
1015 3467 1067 3531 ot.)
1083 3456 1168 3532 Neque
1185 3466 1210 3517 id
1227 3467 1306 3516 minus

240 3546 362 3597 notatione
376 3545 477 3608 dignum
493 3546 605 3611 estquod
622 3547 765 3596 Hincmarus
786 3547 871 3596 eadem
893 3547 993 3612 epistola
1010 3547 1162 3610 significarit,
1180 3562 1225 3596 nou
1246 3561 1306 3611 opus

240 3641 298 3676 esse
307 3627 353 3677 sibi
364 3626 443 3676 vicum
457 3642 486 3677 ea
499 3629 597 3692 scripta,
614 3642 667 3691 qure
684 3627 735 3692 ipse
755 3642 837 3677 recens
856 3628 881 3677 in
896 3627 985 3691 synodo
997 3627 1147 3678 suessionica
1159 3633 1304 3691 porrexerat,

239 3706 362 3758 adsedem
375 3706 528 3771 apostolicam
542 3708 655 3758 mittere:
674 3709 741 3770 quia,
757 3707 845 3772 aiebat,
863 3709 929 3758 sicut
947 3707 1012 3756 milri
1027 3707 1184 3758 mandatum
1204 3711 1249 3768 ert,
1265 3707 1305 3756 in·

237 3789 329 3837 crescit
338 3786 475 3852 apostolico
484 3791 512 3838 et
523 3788 640 3838 Romanis
655 3789 727 3836 tantu
742 3787 824 3851 tepere
839 3787 916 3851 (ibid,
931 3802 955 3852 p.
968 3788 1019 3851 et).

270 3871 294 3918 2.
311 3868 380 3927 Quod
391 3867 479 3929 colligo
491 3883 520 3918 ex
533 3869 563 3917 iis
573 3867 659 3917 litteris
677 3881 747 3931 quas,
761 3867 852 3916 Nicolai
867 3868 971 3930 nomine,
986 3867 1126 3917 Anasusiue
1139 3865 1171 3916 ad
1185 3867 1307 3931 episcopos

239 3945 371 3998 Gelliamm
380 3948 511 4014 rescripsit.
526 3950 566 4000 Sic
580 3949 644 3998 enim
658 3947 683 3996 in
697 3946 744 3996 illis
756 3948 844 3996 crimen
858 3949 960 3999 infertur
971 3949 1102 3998 Hincmaro
1118 3962 1125 3998 :
1141 3947 1306 4012 «interposuit

240 4026 402 4093 (benedictus)
415 4030 545 4094 ancipitem
559 4030 583 4078 in
597 4045 625 4079 eo
640 4026 784 4094 (privilegio)
800 4030 944 4076 sententiam
965 4028 1047 4077 dicens
1065 4042 1072 4079 τ
1088 4029 1111 4076 ai
1135 4028 1174 4078 ita
1193 4033 1233 4077 ert
1246 4042 1304 4078 nor-

240 4107 328 4170 troque
346 4112 375 4158 ut
394 4109 497 4173 seriptis
511 4109 665 4176 praesulatui
684 4108 822 4170 intimasti,
841 4114 865 4156 et
883 4111 1012 4172 pectorum
1030 4109 1096 4157 serie
1112 4108 1305 4171 demonstrasti,

238 4187 310 4234 ratos
321 4188 431 4252 eusdem,
446 4190 508 4254 puio
523 4189 702 4254 diffinitiones,
715 4189 856 4254 apostolico
862 4188 1058 4252 pronaulpumur
1070 4189 1129 4252 sore
1142 4189 1305 4240 auctoritate.

240 4263 309 4315 Licet
322 4264 373 4328 ipse
385 4266 547 4331 (llincmarus)
561 4269 632 4332 hujus
644 4269 731 4318 tenoris
751 4268 955 4317 circumstantiam
972 4268 1001 4317 de
1014 4267 1092 4318 collati
1107 4267 1228 4332 privilegii
1241 4273 1305 4318 textu
