2954 5050
280 495 325 546 228
496 493 712 555 ANASTASll,
734 492 935 544 HADRIANO
960 491 1056 544 PAPA
1082 491 1123 554 ll,

279 657 356 706 oum
367 634 606 724 suspicionibus
619 632 1013 724 conjungantur)‚virum
1022 655 1084 724 per
1095 630 1221 719 omnia,
1234 651 1343 722 quaa·

280 763 350 820 tum
360 749 407 819 od
414 751 625 820 bonosmores
631 751 787 842 pertinet,
797 749 1071 820 aoldestrenuum
1083 760 1114 818 et
1122 747 1340 818 industrium.

278 871 326 937 De
345 889 410 959 quo
428 866 537 936 adhue
553 879 667 936 tetrum
687 866 900 937 ecclesiastica
918 865 1052 958 tapetia
1066 864 1181 934 omnia
1199 887 1245 932 an
1257 886 1342 955 per·

280 994 343 1052 tem
360 1006 475 1052 curare
488 984 574 1072 velit,
592 984 796 1076 ipuoramue
818 981 944 1052 Pendet
956 995 1066 1052 autem
1085 979 1201 1050 aalma
1214 979 1285 1071 ejus
1301 1001 1344 1049 ea·

279 1099 395 1168 anima
408 1100 567 1169 avunculi
579 1099 676 1184 mei¹,
688 1100 790 1170 vestri
801 1123 876 1168 vero
886 1100 953 1192 (hio
964 1107 1052 1188 patet
1063 1097 1194 1186 aliquod
1203 1097 1341 1167 verbum

280 1215 407 1305 deesse)
420 1215 564 1303 Arseuii,
586 1216 740 1307 quamvis
753 1215 841 1285 idem
852 1237 888 1285 eo
902 1213 993 1307 quod
1003 1213 1195 1283 inimicitias
1215 1211 1343 1282 multas

280 1333 430 1402 obeuntis
443 1331 596 1424 presulis
611 1332 795 1425 pertulerit,
813 1354 852 1401 oc
869 1355 928 1422 per
941 1332 1002 1400 ltoe
1015 1329 1213 1423 imperatori
1227 1331 1341 1422 faveat

279 1449 386 1540 (vides
398 1471 499 1538 quam
513 1469 630 1538 parum
646 1451 771 1520 sineere
788 1449 978 1518 Anastasius
994 1469 1090 1537 supra
1105 1446 1222 1516 dixerit
1237 1449 1343 1537 impe·

281 1575 423 1634 retorem
444 1586 502 1656 pro
524 1565 648 1634 Nicolai
670 1565 815 1634 inimicis
836 1586 902 1633 non
924 1562 1062 1653 stare2),
1082 1561 1230 1632 astudia
1244 1562 1342 1632 eccle-

279 1681 417 1750 siastieae
444 1680 649 1750 correctionis
671 1681 853 1772 paululum
879 1679 1098 1773 restipue‘sset.
1132 1681 1238 1765 Quem
1264 1679 1342 1769 cito,

281 1820 405 1890 quaeso,
424 1798 538 1867 uestris
559 1796 659 1866 sueris
682 1797 815 1866 monitis
836 1820 951 1866 rursus
965 1796 1142 1888 deflectite,
1168 1818 1210 1865 ne
1232 1793 1345 1864 diebm

281 1913 361 2002 suis,
377 1913 456 1982 dum
468 1913 555 1982 ualet
570 1912 665 2006 apud
675 1936 773 2002 suum
788 1913 1022 2006 imperatorem
1035 1925 1066 1983 et
1078 1934 1249 1982 summum
1258 1933 1343 2004 pon·

283 2029 418 2121 tifieettt
434 2029 582 2100 Ecclesia
603 2029 739 2118 curisti,
756 2041 793 2099 ut
808 2027 1139 2122 manimeprt'mai...
1157 2053 1174 2096 u
1449 2015 1450 2018 ¹

328 2146 516 2235 Benignum
543 2167 621 2217 sane
648 2157 715 2236 est,
737 2168 798 2216 neo
820 2148 907 2216 bono
930 2146 995 2216 filio
1013 2145 1189 2236 indignum
1207 2145 1242 2214 id
1259 2143 1345 2235 quod

283 2264 476 2332 Anastasius
503 2263 543 2333 ad
570 2263 765 2332 mutandam
791 2263 924 2336 Arsenii
950 2265 1149 2333 voluntatem
1175 2260 1345 2352 proponit,

283 2387 321 2446 ut
344 2379 384 2446 ad
410 2379 505 2446 illum
531 2379 644 2448 litterae
672 2402 749 2449 eum
774 2379 873 2450 saeris
900 2379 1034 2450 monitis
1057 2379 1262 2470 scribantur3
1290 2376 1347 2448 sed

285 2494 372 2563 istud
387 2493 527 2564 maxime
541 2495 703 2584 obstrusa,
724 2496 877 2584 egregius
897 2497 951 2566 ille
969 2497 1093 2566 Nieolai
1111 2496 1274 2586 laudator,
1291 2493 1349 2584 qui

287 2611 367 2678 nihil
398 2611 487 2679 aliud
509 2633 596 2681 ourae
623 2613 791 2682 habuisset
817 2612 880 2681 nisi
906 2611 1006 2703 hujus
1032 2611 1195 2703 pontificis
1228 2631 1349 2681 nomen

286 2727 502 2817 auglorum,
527 2751 626 2816 quam
641 2739 752 2798 tamen
774 2729 997 2820 impudenter,
1022 2739 1059 2798 ut
1081 2738 1207 2819 patrem
1231 2729 1351 2797 virtute
1450 2729 1451 2750 ³

286 2839 489 2912 deficientem
511 2853 692 2931 excusaret,
712 2852 813 2912 totam
836 2864 968 2914 eausam
982 2843 1172 2914 delectionis
1186 2843 1223 2913 in
1240 2841 1351 2932 ipsum

287 2958 457 3029 Nicolaum
470 2961 684 3032 transtulerit.

332 3075 397 3144 Sed
428 3078 578 3166 leonum,
611 3086 646 3146 ut
676 3078 789 3168 aiunt,
823 3079 925 3148 animi
956 3079 1052 3149 index
1085 3078 1200 3148 cauda.
1237 3075 1351 3167 Itaque

289 3191 429 3278 epistolae
459 3192 530 3280 jam
569 3193 717 3282 perlecta
748 3195 942 3266 Anastasius
974 3195 1154 3265 embolium
1183 3193 1350 3283 quoddam

290 3307 429 3395 addidit,
455 3309 598 3398 inquo,
624 3320 797 3401 postquam
817 3310 970 3381 Adonem
990 3314 1200 3382 vehementer
1227 3309 1351 3398 rogarit

290 3434 326 3492 ut
349 3424 390 3493 ab
413 3424 454 3493 iis
478 3445 551 3513 quae
576 3426 690 3496 Romae
712 3427 911 3517 parabantur
936 3437 968 3498 et
990 3428 1061 3518 ipse
1080 3436 1294 3518 precaveret,
1321 3431 1355 3494 et

291 3542 431 3629 reliquos
455 3542 718 3631 metropolitanos
741 3545 789 3612 ad·
807 3541 1056 3635 praecavendum
1084 3545 1283 3632 hortaretur,
1309 3542 1355 3612 sie

292 3678 389 3726 suum
403 3659 576 3727 eonsilium
587 3661 789 3747 apertissime
799 3663 988 3751 profitetur:
1003 3657 1123 3732 allude
1137 3660 1236 3730 etiam
1248 3658 1355 3729 scribo

291 3773 383 3844 vohis
401 3783 433 3844 et
452 3795 511 3863 per
526 3773 633 3845 Deum
649 3785 811 3846 contestor
829 3797 871 3847 ne
887 3776 1098 3847 consentiatis
1116 3795 1223 3864 neque
1237 3795 1356 3864 appro-

324 3983 346 4032 l.
365 3982 435 4032 llune
451 3979 540 4046 locum,
554 3985 631 4032 otest
646 3979 671 4031 in
690 3980 770 4048 editis,
785 3997 847 4034 nune
869 3981 900 4034 ad
916 3981 1021 4034 litteram
1050 3982 1141 4042 retero3
1164 3979 1206 4034 aad
1231 3977 1356 4034 ostendam

294 4067 375 4125 postea
385 4062 515 4124 legendum
526 4078 578 4114 ease
592 4063 671 4113 verius
682 4062 727 4113 hoo
741 4062 828 4113 modo:
843 4081 858 4112 u
871 4066 964 4116 Pendet
977 4069 1058 4114 autem
1072 4061 1153 4114 anima
1167 4063 1220 4128 dua
1234 4077 1263 4114 ex
1276 4061 1358 4114 anima

294 4140 406 4191 avunculi
419 4143 502 4207 vestri,
516 4144 563 4194 mei
574 4158 630 4194 vero
641 4142 675 4208 (s.
690 4143 775 4208 patris)
788 4143 892 4194 Arrenii.
906 4160 920 4193 a
935 4145 967 4195 V.
979 4142 1143 4209 Appendioem
1155 4143 1176 4195 1.

325 4221 349 4268 2.
367 4221 406 4274 Gt.
421 4237 500 4286 supra,
515 4238 540 4287 p.
552 4226 609 4287 221,
623 4238 649 4274 n.
662 4225 687 4275 3.

327 4301 350 4349 3.
368 4301 451 4352 Mansa
465 4309 501 4352 est
515 4303 540 4352 in
553 4303 623 4354 editis
633 4304 684 4355 haee
697 4305 781 4356 ultima
791 4303 912 4371 periodus.
925 4306 958 4356 V.
970 4305 1090 4356 Anastasii
1102 4303 1183 4372 Epist.
1193 4303 1231 4356 ad
1241 4303 1358 4358 adom

298 4379 398 4444 (uisne,
412 4386 430 4430 t.
445 4381 554 4447 cxxlx,
565 4397 590 4447 p.
602 4387 657 4449 rte,
667 4392 692 4437 et
706 4387 730 4437 in
743 4385 884 4453 Appendioa
894 4386 922 4450 ll.
