<?xml version="1.0" encoding="UTF-8"?>
<!DOCTYPE html PUBLIC "-//W3C//DTD XHTML 1.0 Transitional//EN"
    "http://www.w3.org/TR/xhtml1/DTD/xhtml1-transitional.dtd">
<html xmlns="http://www.w3.org/1999/xhtml" xml:lang="en" lang="en">
 <head>
  <title>
</title>
<meta http-equiv="Content-Type" content="text/html;charset=utf-8" />
  <meta name='ocr-system' content='tesseract 3.04.00' />
  <meta name='ocr-capabilities' content='ocr_page ocr_carea ocr_par ocr_line ocrx_word'/>
</head>
<body>
  <div class='ocr_page' id='page_1' title='image "./deanastasiobibl00lapgoog_0210.png"; bbox 0 0 2954 5050; ppageno 0'>
   <div class='ocr_carea' id='block_1_1' title="bbox 477 448 1217 502">
    <p class='ocr_par' dir='ltr' id='par_1_1' title="bbox 477 448 1217 502">
     <span class='ocr_line' id='line_1_1' title="bbox 477 448 1217 502; baseline 0.003 -2"><span class='ocrx_word' id='word_1_1' title='bbox 477 449 639 501; x_wconf 75' lang='lat' dir='ltr'><strong>ruentes</strong></span> <span class='ocrx_word' id='word_1_2' title='bbox 661 448 901 502; x_wconf 74' lang='lat' dir='ltr'><strong>ostentamen</strong></span> <span class='ocrx_word' id='word_1_3' title='bbox 1172 453 1217 502; x_wconf 86' lang='lat' dir='ltr'><strong>llll</strong></span> 
     </span>
    </p>
   </div>
   <div class='ocr_carea' id='block_1_2' title="bbox 153 588 1220 2541">
    <p class='ocr_par' dir='ltr' id='par_1_2' title="bbox 153 588 1219 1492">
     <span class='ocr_line' id='line_1_2' title="bbox 200 588 1218 682; baseline 0.005 -25"><span class='ocrx_word' id='word_1_4' title='bbox 200 588 287 670; x_wconf 85' lang='lat' dir='ltr'><strong>Quid</strong></span> <span class='ocrx_word' id='word_1_5' title='bbox 301 592 367 660; x_wconf 81' lang='lat' dir='ltr'><strong>hac</strong></span> <span class='ocrx_word' id='word_1_6' title='bbox 382 592 501 661; x_wconf 85' lang='lat' dir='ltr'><strong>valeret</strong></span> <span class='ocrx_word' id='word_1_7' title='bbox 513 593 687 680; x_wconf 80' lang='lat' dir='ltr'><strong>excusatio,</strong></span> <span class='ocrx_word' id='word_1_8' title='bbox 703 613 771 661; x_wconf 93' lang='lat' dir='ltr'><strong>non</strong></span> <span class='ocrx_word' id='word_1_9' title='bbox 785 592 901 662; x_wconf 90' lang='lat' dir='ltr'><strong>issum</strong></span> <span class='ocrx_word' id='word_1_10' title='bbox 921 591 978 680; x_wconf 93' lang='lat' dir='ltr'><strong>qui</strong></span> <span class='ocrx_word' id='word_1_11' title='bbox 995 591 1160 682; x_wconf 88' lang='lat' dir='ltr'><strong>judicem;</strong></span> <span class='ocrx_word' id='word_1_12' title='bbox 1185 603 1218 662; x_wconf 94' lang='lat' dir='ltr'><strong>at</strong></span> 
     </span>
     <span class='ocr_line' id='line_1_3' title="bbox 154 705 1217 798; baseline 0.002 -24"><span class='ocrx_word' id='word_1_13' title='bbox 154 706 265 774; x_wconf 88' lang='lat' dir='ltr'><strong>nescio</strong></span> <span class='ocrx_word' id='word_1_14' title='bbox 277 727 320 774; x_wconf 92' lang='lat' dir='ltr'><strong>an</strong></span> <span class='ocrx_word' id='word_1_15' title='bbox 332 707 507 796; x_wconf 84' lang='lat' dir='ltr'><strong>excogitari</strong></span> <span class='ocrx_word' id='word_1_16' title='bbox 526 708 705 797; x_wconf 82' lang='lat' dir='ltr'><strong>quidquam</strong></span> <span class='ocrx_word' id='word_1_17' title='bbox 724 709 865 798; x_wconf 91' lang='lat' dir='ltr'><strong>potuerit</strong></span> <span class='ocrx_word' id='word_1_18' title='bbox 883 708 970 798; x_wconf 90' lang='lat' dir='ltr'><strong>quod</strong></span> <span class='ocrx_word' id='word_1_19' title='bbox 989 717 1073 779; x_wconf 87' lang='lat' dir='ltr'><strong>esset</strong></span> <span class='ocrx_word' id='word_1_20' title='bbox 1085 705 1217 777; x_wconf 90' lang='lat' dir='ltr'><strong>Nicolao</strong></span> 
     </span>
     <span class='ocr_line' id='line_1_4' title="bbox 153 822 1218 914; baseline 0.002 -24"><span class='ocrx_word' id='word_1_21' title='bbox 153 822 340 910; x_wconf 88' lang='lat' dir='ltr'><strong>molestius,</strong></span> <span class='ocrx_word' id='word_1_22' title='bbox 365 823 418 892; x_wconf 91' lang='lat' dir='ltr'><strong>cui</strong></span> <span class='ocrx_word' id='word_1_23' title='bbox 442 844 520 892; x_wconf 90' lang='lat' dir='ltr'><strong>sane</strong></span> <span class='ocrx_word' id='word_1_24' title='bbox 544 843 581 894; x_wconf 84' lang='lat' dir='ltr'><strong>ex</strong></span> <span class='ocrx_word' id='word_1_25' title='bbox 606 826 666 894; x_wconf 91' lang='lat' dir='ltr'><strong>hac</strong></span> <span class='ocrx_word' id='word_1_26' title='bbox 690 825 900 914; x_wconf 78' lang='lat' dir='ltr'>responsione</span> <span class='ocrx_word' id='word_1_27' title='bbox 927 824 1070 894; x_wconf 92' lang='lat' dir='ltr'><strong>instabat</strong></span> <span class='ocrx_word' id='word_1_28' title='bbox 1096 833 1146 913; x_wconf 93' lang='lat' dir='ltr'><strong>ut,</strong></span> <span class='ocrx_word' id='word_1_29' title='bbox 1162 831 1218 894; x_wconf 92' lang='lat' dir='ltr'><strong>aut</strong></span> 
     </span>
     <span class='ocr_line' id='line_1_5' title="bbox 154 939 1219 1033; baseline 0.003 -26"><span class='ocrx_word' id='word_1_30' title='bbox 154 958 271 1008; x_wconf 88' lang='lat' dir='ltr'><strong>rursus</strong></span> <span class='ocrx_word' id='word_1_31' title='bbox 286 940 529 1011; x_wconf 79' lang='lat' dir='ltr'><strong>damnationem</strong></span> <span class='ocrx_word' id='word_1_32' title='bbox 541 939 686 1012; x_wconf 90' lang='lat' dir='ltr'><strong>Wulladi</strong></span> <span class='ocrx_word' id='word_1_33' title='bbox 700 942 906 1033; x_wconf 88' lang='lat' dir='ltr'><strong>approbaret,</strong></span> <span class='ocrx_word' id='word_1_34' title='bbox 927 952 983 1012; x_wconf 91' lang='lat' dir='ltr'><strong>aut</strong></span> <span class='ocrx_word' id='word_1_35' title='bbox 1002 963 1036 1012; x_wconf 93' lang='lat' dir='ltr'><strong>se</strong></span> <span class='ocrx_word' id='word_1_36' title='bbox 1056 943 1134 1011; x_wconf 93' lang='lat' dir='ltr'><strong>olim</strong></span> <span class='ocrx_word' id='word_1_37' title='bbox 1153 943 1219 1011; x_wconf 91' lang='lat' dir='ltr'><strong>im-</strong></span> 
     </span>
     <span class='ocr_line' id='line_1_6' title="bbox 153 1055 1217 1148; baseline 0.005 -26"><span class='ocrx_word' id='word_1_38' title='bbox 153 1055 334 1144; x_wconf 79' lang='lat' dir='ltr'><strong>prudenter</strong></span> <span class='ocrx_word' id='word_1_39' title='bbox 367 1059 560 1146; x_wconf 87' lang='lat' dir='ltr'><strong>approbasse</strong></span> <span class='ocrx_word' id='word_1_40' title='bbox 587 1057 754 1128; x_wconf 87' lang='lat' dir='ltr'><strong>lateretur.</strong></span> <span class='ocrx_word' id='word_1_41' title='bbox 785 1058 888 1148; x_wconf 91' lang='lat' dir='ltr'><strong>ldque</strong></span> <span class='ocrx_word' id='word_1_42' title='bbox 915 1079 953 1127; x_wconf 94' lang='lat' dir='ltr'><strong>eo</strong></span> <span class='ocrx_word' id='word_1_43' title='bbox 981 1059 1217 1128; x_wconf 85' lang='lat' dir='ltr'><strong>intolerabilius</strong></span> 
     </span>
     <span class='ocr_line' id='line_1_7' title="bbox 153 1171 1219 1263; baseline 0.002 -21"><span class='ocrx_word' id='word_1_44' title='bbox 153 1171 338 1260; x_wconf 82' lang='lat' dir='ltr'><strong>videbatur,</strong></span> <span class='ocrx_word' id='word_1_45' title='bbox 352 1174 440 1260; x_wconf 89' lang='lat' dir='ltr'><strong>quod</strong></span> <span class='ocrx_word' id='word_1_46' title='bbox 454 1175 594 1262; x_wconf 91' lang='lat' dir='ltr'><strong>suspicio</strong></span> <span class='ocrx_word' id='word_1_47' title='bbox 614 1175 668 1243; x_wconf 93' lang='lat' dir='ltr'><strong>illa</strong></span> <span class='ocrx_word' id='word_1_48' title='bbox 681 1174 721 1244; x_wconf 92' lang='lat' dir='ltr'><strong>de</strong></span> <span class='ocrx_word' id='word_1_49' title='bbox 742 1175 875 1245; x_wconf 87' lang='lat' dir='ltr'><strong>veritate</strong></span> <span class='ocrx_word' id='word_1_50' title='bbox 896 1173 969 1244; x_wconf 90' lang='lat' dir='ltr'><strong>lacti</strong></span> <span class='ocrx_word' id='word_1_51' title='bbox 991 1195 1091 1263; x_wconf 91' lang='lat' dir='ltr'><strong>quam</strong></span> <span class='ocrx_word' id='word_1_52' title='bbox 1109 1171 1219 1244; x_wconf 87' lang='lat' dir='ltr'><strong>Bene·</strong></span> 
     </span>
     <span class='ocr_line' id='line_1_8' title="bbox 154 1287 1218 1380; baseline 0.004 -25"><span class='ocrx_word' id='word_1_53' title='bbox 154 1287 262 1357; x_wconf 88' lang='lat' dir='ltr'><strong>dictus</strong></span> <span class='ocrx_word' id='word_1_54' title='bbox 284 1287 333 1356; x_wconf 92' lang='lat' dir='ltr'><strong>Ill</strong></span> <span class='ocrx_word' id='word_1_55' title='bbox 355 1297 448 1358; x_wconf 89' lang='lat' dir='ltr'><strong>caute</strong></span> <span class='ocrx_word' id='word_1_56' title='bbox 474 1291 672 1378; x_wconf 86' lang='lat' dir='ltr'><strong>imposuerat</strong></span> <span class='ocrx_word' id='word_1_57' title='bbox 702 1291 738 1360; x_wconf 91' lang='lat' dir='ltr'><strong>in</strong></span> <span class='ocrx_word' id='word_1_58' title='bbox 762 1312 820 1362; x_wconf 88' lang='lat' dir='ltr'><strong>sue</strong></span> <span class='ocrx_word' id='word_1_59' title='bbox 848 1292 995 1380; x_wconf 89' lang='lat' dir='ltr'><strong>epistola,</strong></span> <span class='ocrx_word' id='word_1_60' title='bbox 1024 1291 1060 1359; x_wconf 93' lang='lat' dir='ltr'><strong>in</strong></span> <span class='ocrx_word' id='word_1_61' title='bbox 1084 1290 1218 1380; x_wconf 88' lang='lat' dir='ltr'><strong>epistola</strong></span> 
     </span>
     <span class='ocr_line' id='line_1_9' title="bbox 153 1403 611 1492; baseline 0.009 -20"><span class='ocrx_word' id='word_1_62' title='bbox 153 1403 281 1473; x_wconf 90' lang='lat' dir='ltr'><strong>Nicolai</strong></span> <span class='ocrx_word' id='word_1_63' title='bbox 303 1405 399 1492; x_wconf 88' lang='lat' dir='ltr'><strong>plane</strong></span> <span class='ocrx_word' id='word_1_64' title='bbox 423 1416 611 1476; x_wconf 84' lang='lat' dir='ltr'><strong>evanuerat.</strong></span> 
     </span>
    </p>

    <p class='ocr_par' dir='ltr' id='par_1_3' title="bbox 153 1519 1220 2541">
     <span class='ocr_line' id='line_1_10' title="bbox 202 1519 1216 1610; baseline 0.002 -23"><span class='ocrx_word' id='word_1_65' title='bbox 202 1519 328 1589; x_wconf 88' lang='lat' dir='ltr'><strong>Verum</strong></span> <span class='ocrx_word' id='word_1_66' title='bbox 342 1520 370 1589; x_wconf 93' lang='lat' dir='ltr'><strong>si</strong></span> <span class='ocrx_word' id='word_1_67' title='bbox 385 1541 513 1590; x_wconf 93' lang='lat' dir='ltr'><strong>summo</strong></span> <span class='ocrx_word' id='word_1_68' title='bbox 527 1522 671 1610; x_wconf 90' lang='lat' dir='ltr'><strong>pontifici</strong></span> <span class='ocrx_word' id='word_1_69' title='bbox 692 1543 744 1592; x_wconf 92' lang='lat' dir='ltr'><strong>res</strong></span> <span class='ocrx_word' id='word_1_70' title='bbox 765 1531 834 1594; x_wconf 88' lang='lat' dir='ltr'><strong>erat</strong></span> <span class='ocrx_word' id='word_1_71' title='bbox 848 1521 1085 1610; x_wconf 87' lang='lat' dir='ltr'><strong>taediosissima,</strong></span> <span class='ocrx_word' id='word_1_72' title='bbox 1101 1519 1135 1587; x_wconf 94' lang='lat' dir='ltr'><strong>id</strong></span> <span class='ocrx_word' id='word_1_73' title='bbox 1151 1541 1216 1589; x_wconf 92' lang='lat' dir='ltr'><strong>uon</strong></span> 
     </span>
     <span class='ocr_line' id='line_1_11' title="bbox 153 1635 1217 1728; baseline 0.002 -24"><span class='ocrx_word' id='word_1_74' title='bbox 153 1637 269 1705; x_wconf 89' lang='lat' dir='ltr'><strong>minus</strong></span> <span class='ocrx_word' id='word_1_75' title='bbox 283 1657 370 1724; x_wconf 77' lang='lat' dir='ltr'><strong>aegre</strong></span> <span class='ocrx_word' id='word_1_76' title='bbox 382 1635 504 1706; x_wconf 84' lang='lat' dir='ltr'><strong>larebat</strong></span> <span class='ocrx_word' id='word_1_77' title='bbox 521 1638 727 1725; x_wconf 88' lang='lat' dir='ltr'><strong>Anastasius,</strong></span> <span class='ocrx_word' id='word_1_78' title='bbox 743 1637 797 1706; x_wconf 90' lang='lat' dir='ltr'><strong>eui</strong></span> <span class='ocrx_word' id='word_1_79' title='bbox 810 1636 945 1725; x_wconf 89' lang='lat' dir='ltr'><strong>quidem</strong></span> <span class='ocrx_word' id='word_1_80' title='bbox 965 1637 1028 1725; x_wconf 91' lang='lat' dir='ltr'><strong>ipsi</strong></span> <span class='ocrx_word' id='word_1_81' title='bbox 1048 1637 1217 1728; x_wconf 87' lang='lat' dir='ltr'><strong>objurgari</strong></span> 
     </span>
     <span class='ocr_line' id='line_1_12' title="bbox 154 1751 1218 1842; baseline -0.001 -21"><span class='ocrx_word' id='word_1_82' title='bbox 154 1761 282 1842; x_wconf 89' lang='lat' dir='ltr'><strong>poterat</strong></span> <span class='ocrx_word' id='word_1_83' title='bbox 311 1751 398 1840; x_wconf 89' lang='lat' dir='ltr'><strong>quad</strong></span> <span class='ocrx_word' id='word_1_84' title='bbox 426 1762 482 1821; x_wconf 92' lang='lat' dir='ltr'><strong>aut</strong></span> <span class='ocrx_word' id='word_1_85' title='bbox 509 1753 628 1841; x_wconf 89' lang='lat' dir='ltr'><strong>scripta</strong></span> <span class='ocrx_word' id='word_1_86' title='bbox 659 1752 699 1822; x_wconf 95' lang='lat' dir='ltr'><strong>ad</strong></span> <span class='ocrx_word' id='word_1_87' title='bbox 729 1752 839 1822; x_wconf 88' lang='lat' dir='ltr'><strong>sedem</strong></span> <span class='ocrx_word' id='word_1_88' title='bbox 873 1752 1082 1840; x_wconf 91' lang='lat' dir='ltr'><strong>apostolicam</strong></span> <span class='ocrx_word' id='word_1_89' title='bbox 1118 1753 1218 1822; x_wconf 90' lang='lat' dir='ltr'><strong>missa</strong></span> 
     </span>
     <span class='ocr_line' id='line_1_13' title="bbox 154 1867 1217 1956; baseline 0 -20"><span class='ocrx_word' id='word_1_90' title='bbox 154 1867 332 1937; x_wconf 81' lang='lat' dir='ltr'><strong>oscitanter</strong></span> <span class='ocrx_word' id='word_1_91' title='bbox 346 1868 489 1956; x_wconf 81' lang='lat' dir='ltr'><strong>legisset,</strong></span> <span class='ocrx_word' id='word_1_92' title='bbox 504 1879 562 1938; x_wconf 89' lang='lat' dir='ltr'><strong>aut</strong></span> <span class='ocrx_word' id='word_1_93' title='bbox 584 1879 655 1936; x_wconf 93' lang='lat' dir='ltr'><strong>tum</strong></span> <span class='ocrx_word' id='word_1_94' title='bbox 679 1869 805 1938; x_wconf 91' lang='lat' dir='ltr'><strong>consilii</strong></span> <span class='ocrx_word' id='word_1_95' title='bbox 822 1867 1049 1937; x_wconf 87' lang='lat' dir='ltr'><strong>Hinomariani</strong></span> <span class='ocrx_word' id='word_1_96' title='bbox 1068 1869 1217 1938; x_wconf 86' lang='lat' dir='ltr'><strong>conscius</strong></span> 
     </span>
     <span class='ocr_line' id='line_1_14' title="bbox 154 1983 1219 2054; baseline -0.002 0"><span class='ocrx_word' id='word_1_97' title='bbox 154 2004 271 2054; x_wconf 84' lang='lat' dir='ltr'><strong>verum</strong></span> <span class='ocrx_word' id='word_1_98' title='bbox 290 2004 328 2053; x_wconf 84' lang='lat' dir='ltr'><strong>ax</strong></span> <span class='ocrx_word' id='word_1_99' title='bbox 348 1983 512 2052; x_wconf 89' lang='lat' dir='ltr'><strong>industria</strong></span> <span class='ocrx_word' id='word_1_100' title='bbox 525 1985 669 2054; x_wconf 88' lang='lat' dir='ltr'><strong>celasset.</strong></span> <span class='ocrx_word' id='word_1_101' title='bbox 687 1983 756 2053; x_wconf 85' lang='lat' dir='ltr'><strong>Hoc</strong></span> <span class='ocrx_word' id='word_1_102' title='bbox 779 1995 888 2054; x_wconf 89' lang='lat' dir='ltr'><strong>autem</strong></span> <span class='ocrx_word' id='word_1_103' title='bbox 906 1984 1102 2053; x_wconf 83' lang='lat' dir='ltr'><strong>Anastasius</strong></span> <span class='ocrx_word' id='word_1_104' title='bbox 1123 2004 1219 2053; x_wconf 86' lang='lat' dir='ltr'><strong>excu-</strong></span> 
     </span>
     <span class='ocr_line' id='line_1_15' title="bbox 156 2090 1218 2188; baseline -0.004 -18"><span class='ocrx_word' id='word_1_105' title='bbox 156 2090 296 2170; x_wconf 84' lang='lat' dir='ltr'><strong>sandum</strong></span> <span class='ocrx_word' id='word_1_106' title='bbox 307 2100 448 2169; x_wconf 86' lang='lat' dir='ltr'><strong>maxime</strong></span> <span class='ocrx_word' id='word_1_107' title='bbox 459 2099 611 2184; x_wconf 80' lang='lat' dir='ltr'><strong>babebat,</strong></span> <span class='ocrx_word' id='word_1_108' title='bbox 622 2120 756 2169; x_wconf 92' lang='lat' dir='ltr'><strong>curnon</strong></span> <span class='ocrx_word' id='word_1_109' title='bbox 767 2098 958 2168; x_wconf 90' lang='lat' dir='ltr'><strong>attendisset</strong></span> <span class='ocrx_word' id='word_1_110' title='bbox 970 2098 1010 2167; x_wconf 94' lang='lat' dir='ltr'><strong>ad</strong></span> <span class='ocrx_word' id='word_1_111' title='bbox 1022 2097 1218 2188; x_wconf 90' lang='lat' dir='ltr'><strong>prudentem</strong></span> 
     </span>
     <span class='ocr_line' id='line_1_16' title="bbox 154 2217 1218 2310; baseline 0 -24"><span class='ocrx_word' id='word_1_112' title='bbox 154 2219 248 2288; x_wconf 90' lang='lat' dir='ltr'><strong>illam</strong></span> <span class='ocrx_word' id='word_1_113' title='bbox 261 2217 429 2288; x_wconf 87' lang='lat' dir='ltr'><strong>Benedicti</strong></span> <span class='ocrx_word' id='word_1_114' title='bbox 443 2219 681 2308; x_wconf 88' lang='lat' dir='ltr'><strong>condicionem,</strong></span> <span class='ocrx_word' id='word_1_115' title='bbox 703 2219 797 2310; x_wconf 88' lang='lat' dir='ltr'><strong>cnjus</strong></span> <span class='ocrx_word' id='word_1_116' title='bbox 811 2219 1011 2308; x_wconf 85' lang='lat' dir='ltr'><strong>negligentia</strong></span> <span class='ocrx_word' id='word_1_117' title='bbox 1026 2219 1135 2287; x_wconf 92' lang='lat' dir='ltr'><strong>nullus</strong></span> <span class='ocrx_word' id='word_1_118' title='bbox 1152 2217 1218 2286; x_wconf 90' lang='lat' dir='ltr'><strong>lere</strong></span> 
     </span>
     <span class='ocr_line' id='line_1_17' title="bbox 155 2334 1220 2425; baseline -0.002 -22"><span class='ocrx_word' id='word_1_119' title='bbox 155 2336 248 2404; x_wconf 92' lang='lat' dir='ltr'><strong>locus</strong></span> <span class='ocrx_word' id='word_1_120' title='bbox 262 2338 405 2404; x_wconf 83' lang='lat' dir='ltr'><strong>honestae</strong></span> <span class='ocrx_word' id='word_1_121' title='bbox 419 2337 637 2408; x_wconf 89' lang='lat' dir='ltr'><strong>retractationi</strong></span> <span class='ocrx_word' id='word_1_122' title='bbox 658 2336 802 2407; x_wconf 86' lang='lat' dir='ltr'><strong>daretur.</strong></span> <span class='ocrx_word' id='word_1_123' title='bbox 822 2336 869 2404; x_wconf 83' lang='lat' dir='ltr'><strong>Ex</strong></span> <span class='ocrx_word' id='word_1_124' title='bbox 882 2355 948 2425; x_wconf 86' lang='lat' dir='ltr'><strong>quc</strong></span> <span class='ocrx_word' id='word_1_125' title='bbox 962 2334 1101 2424; x_wconf 88' lang='lat' dir='ltr'><strong>intelligi</strong></span> <span class='ocrx_word' id='word_1_126' title='bbox 1115 2342 1220 2423; x_wconf 89' lang='lat' dir='ltr'><strong>potest</strong></span> 
     </span>
     <span class='ocr_line' id='line_1_18' title="bbox 156 2450 1220 2541; baseline 0 -23"><span class='ocrx_word' id='word_1_127' title='bbox 156 2460 318 2539; x_wconf 90' lang='lat' dir='ltr'><strong>quantum</strong></span> <span class='ocrx_word' id='word_1_128' title='bbox 330 2452 390 2520; x_wconf 91' lang='lat' dir='ltr'><strong>iste</strong></span> <span class='ocrx_word' id='word_1_129' title='bbox 406 2450 584 2520; x_wconf 85' lang='lat' dir='ltr'><strong>Hinomaro</strong></span> <span class='ocrx_word' id='word_1_130' title='bbox 598 2453 830 2541; x_wconf 89' lang='lat' dir='ltr'><strong>succensuerit‚</strong></span> <span class='ocrx_word' id='word_1_131' title='bbox 850 2473 939 2540; x_wconf 91' lang='lat' dir='ltr'><strong>cum,</strong></span> <span class='ocrx_word' id='word_1_132' title='bbox 959 2451 1087 2520; x_wconf 88' lang='lat' dir='ltr'><strong>circiter</strong></span> <span class='ocrx_word' id='word_1_133' title='bbox 1100 2471 1220 2519; x_wconf 81' lang='lat' dir='ltr'><strong>exeun·</strong></span> 
     </span>
    </p>
   </div>
   <div class='ocr_carea' id='block_1_3' title="bbox 156 2565 1220 2868">
    <p class='ocr_par' dir='ltr' id='par_1_4' title="bbox 156 2565 1220 2868">
     <span class='ocr_line' id='line_1_19' title="bbox 157 2565 1219 2657; baseline -0.003 -21"><span class='ocrx_word' id='word_1_134' title='bbox 157 2577 224 2636; x_wconf 89' lang='lat' dir='ltr'><strong>tem</strong></span> <span class='ocrx_word' id='word_1_135' title='bbox 253 2587 399 2636; x_wconf 90' lang='lat' dir='ltr'><strong>mensem</strong></span> <span class='ocrx_word' id='word_1_136' title='bbox 420 2566 647 2656; x_wconf 89' lang='lat' dir='ltr'><strong>Septembrem</strong></span> <span class='ocrx_word' id='word_1_137' title='bbox 674 2570 752 2654; x_wconf 89' lang='lat' dir='ltr'><strong>anni</strong></span> <span class='ocrx_word' id='word_1_138' title='bbox 778 2570 854 2654; x_wconf 88' lang='grc'>866,</span> <span class='ocrx_word' id='word_1_139' title='bbox 883 2568 990 2657; x_wconf 88' lang='lat' dir='ltr'><strong>Egilo,</strong></span> <span class='ocrx_word' id='word_1_140' title='bbox 1020 2565 1219 2637; x_wconf 78' lang='lat' dir='ltr'><strong>Sunonensis</strong></span> 
     </span>
     <span class='ocr_line' id='line_1_20' title="bbox 157 2680 1220 2772; baseline -0.003 -21"><span class='ocrx_word' id='word_1_141' title='bbox 157 2683 431 2772; x_wconf 90' lang='lat' dir='ltr'><strong>archiepiscopus,</strong></span> <span class='ocrx_word' id='word_1_142' title='bbox 452 2683 593 2753; x_wconf 90' lang='lat' dir='ltr'><strong>Romam</strong></span> <span class='ocrx_word' id='word_1_143' title='bbox 616 2684 758 2772; x_wconf 91' lang='lat' dir='ltr'><strong>advenit,</strong></span> <span class='ocrx_word' id='word_1_144' title='bbox 783 2686 867 2754; x_wconf 93' lang='lat' dir='ltr'><strong>hanc</strong></span> <span class='ocrx_word' id='word_1_145' title='bbox 891 2680 1059 2752; x_wconf 89' lang='lat' dir='ltr'><strong>Gallorum</strong></span> <span class='ocrx_word' id='word_1_146' title='bbox 1087 2691 1220 2750; x_wconf 89' lang='lat' dir='ltr'><strong>senten·</strong></span> 
     </span>
     <span class='ocr_line' id='line_1_21' title="bbox 156 2796 398 2868; baseline 0.004 -2"><span class='ocrx_word' id='word_1_147' title='bbox 156 2796 237 2866; x_wconf 93' lang='lat' dir='ltr'><strong>tiam</strong></span> <span class='ocrx_word' id='word_1_148' title='bbox 254 2796 361 2867; x_wconf 90' lang='lat' dir='ltr'><strong>lerens</strong></span> <span class='ocrx_word' id='word_1_149' title='bbox 373 2798 398 2868; x_wconf 87' lang='lat'><strong>¹.</strong></span> 
     </span>
    </p>
   </div>
   <div class='ocr_carea' id='block_1_4' title="bbox 94 3035 1224 4309">
    <p class='ocr_par' dir='ltr' id='par_1_5' title="bbox 156 3035 1224 4149">
     <span class='ocr_line' id='line_1_22' title="bbox 156 3035 1219 3108; baseline -0.003 -22"><span class='ocrx_word' id='word_1_150' title='bbox 156 3035 343 3101; x_wconf 85' lang='lat' dir='ltr'><strong>archiepiscopo,</strong></span> <span class='ocrx_word' id='word_1_151' title='bbox 361 3043 415 3103; x_wconf 88' lang='lat' dir='ltr'><strong>post</strong></span> <span class='ocrx_word' id='word_1_152' title='bbox 436 3036 608 3104; x_wconf 85' lang='lat' dir='ltr'><strong>depositionem</strong></span> <span class='ocrx_word' id='word_1_153' title='bbox 628 3051 696 3086; x_wconf 89' lang='lat' dir='ltr'><strong>suam</strong></span> <span class='ocrx_word' id='word_1_154' title='bbox 718 3036 842 3102; x_wconf 86' lang='lat' dir='ltr'><strong>ordinatis,</strong></span> <span class='ocrx_word' id='word_1_155' title='bbox 859 3037 970 3103; x_wconf 88' lang='lat' dir='ltr'><strong>quoniam</strong></span> <span class='ocrx_word' id='word_1_156' title='bbox 985 3035 1159 3108; x_wconf 70' lang='lat' dir='ltr'><strong>regulasancta</strong></span> <span class='ocrx_word' id='word_1_157' title='bbox 1172 3049 1219 3084; x_wconf 93' lang='lat' dir='ltr'><strong>non</strong></span> 
     </span>
     <span class='ocr_line' id='line_1_23' title="bbox 156 3117 1219 3183; baseline -0.003 -17"><span class='ocrx_word' id='word_1_158' title='bbox 156 3121 266 3181; x_wconf 90' lang='lat' dir='ltr'><strong>poterant</strong></span> <span class='ocrx_word' id='word_1_159' title='bbox 279 3123 361 3182; x_wconf 85' lang='lat' dir='ltr'><strong>aperte</strong></span> <span class='ocrx_word' id='word_1_160' title='bbox 373 3117 473 3168; x_wconf 81' lang='lat' dir='ltr'><strong>convelli</strong></span> <span class='ocrx_word' id='word_1_161' title='bbox 486 3133 528 3183; x_wconf 95' lang='lat' dir='ltr'><strong>pro</strong></span> <span class='ocrx_word' id='word_1_162' title='bbox 542 3119 578 3166; x_wconf 88' lang='lat' dir='ltr'><strong>sui</strong></span> <span class='ocrx_word' id='word_1_163' title='bbox 593 3117 726 3176; x_wconf 77' lang='lat' dir='ltr'><strong>reverentia</strong></span> <span class='ocrx_word' id='word_1_164' title='bbox 740 3123 764 3167; x_wconf 90' lang='lat' dir='ltr'><strong>et</strong></span> <span class='ocrx_word' id='word_1_165' title='bbox 777 3117 936 3183; x_wconf 90' lang='lat' dir='ltr'><strong>quorumdam</strong></span> <span class='ocrx_word' id='word_1_166' title='bbox 949 3124 1069 3181; x_wconf 87' lang='lat' dir='ltr'><strong>respectu,</strong></span> <span class='ocrx_word' id='word_1_167' title='bbox 1077 3121 1111 3175; x_wconf 81' lang='lat' dir='ltr'><strong>et,</strong></span> <span class='ocrx_word' id='word_1_168' title='bbox 1121 3130 1179 3177; x_wconf 88' lang='lat' dir='ltr'><strong>rege</strong></span> <span class='ocrx_word' id='word_1_169' title='bbox 1192 3129 1219 3163; x_wconf 90' lang='lat' dir='ltr'><strong>ac</strong></span> 
     </span>
     <span class='ocr_line' id='line_1_24' title="bbox 156 3195 1220 3263; baseline -0.001 -18"><span class='ocrx_word' id='word_1_170' title='bbox 156 3197 301 3262; x_wconf 87' lang='lat' dir='ltr'><strong>quibusdam</strong></span> <span class='ocrx_word' id='word_1_171' title='bbox 314 3212 357 3263; x_wconf 91' lang='lat' dir='ltr'><strong>pro</strong></span> <span class='ocrx_word' id='word_1_172' title='bbox 366 3199 471 3249; x_wconf 83' lang='lat' dir='ltr'><strong>Vuliado</strong></span> <span class='ocrx_word' id='word_1_173' title='bbox 480 3199 582 3249; x_wconf 89' lang='lat' dir='ltr'><strong>nimium</strong></span> <span class='ocrx_word' id='word_1_174' title='bbox 591 3198 763 3262; x_wconf 82' lang='lat' dir='ltr'><strong>satagentibus,</strong></span> <span class='ocrx_word' id='word_1_175' title='bbox 775 3199 878 3248; x_wconf 86' lang='lat' dir='ltr'><strong>schisma</strong></span> <span class='ocrx_word' id='word_1_176' title='bbox 889 3205 914 3248; x_wconf 90' lang='lat' dir='ltr'><strong>et</strong></span> <span class='ocrx_word' id='word_1_177' title='bbox 924 3197 1062 3248; x_wconf 89' lang='lat' dir='ltr'><strong>scandalum</strong></span> <span class='ocrx_word' id='word_1_178' title='bbox 1072 3197 1142 3248; x_wconf 82' lang='lat' dir='ltr'><strong>aliter</strong></span> <span class='ocrx_word' id='word_1_179' title='bbox 1150 3195 1220 3246; x_wconf 79' lang='lat' dir='ltr'><strong>vitari</strong></span> 
     </span>
     <span class='ocr_line' id='line_1_25' title="bbox 157 3278 1219 3345; baseline 0 -19"><span class='ocrx_word' id='word_1_180' title='bbox 157 3292 203 3326; x_wconf 91' lang='lat' dir='ltr'><strong>non</strong></span> <span class='ocrx_word' id='word_1_181' title='bbox 226 3279 314 3344; x_wconf 91' lang='lat' dir='ltr'><strong>potuit,</strong></span> <span class='ocrx_word' id='word_1_182' title='bbox 333 3279 456 3329; x_wconf 83' lang='lat' dir='ltr'><strong>inventum</strong></span> <span class='ocrx_word' id='word_1_183' title='bbox 470 3285 508 3330; x_wconf 88' lang='lat' dir='ltr'><strong>est</strong></span> <span class='ocrx_word' id='word_1_184' title='bbox 527 3285 562 3342; x_wconf 91' lang='lat' dir='ltr'><strong>ut,</strong></span> <span class='ocrx_word' id='word_1_185' title='bbox 577 3280 633 3345; x_wconf 91' lang='lat' dir='ltr'><strong>quia</strong></span> <span class='ocrx_word' id='word_1_186' title='bbox 644 3279 727 3344; x_wconf 79' lang='lat' dir='ltr'><strong>synodi</strong></span> <span class='ocrx_word' id='word_1_187' title='bbox 743 3279 907 3345; x_wconf 86' lang='lat' dir='ltr'><strong>episcoporum</strong></span> <span class='ocrx_word' id='word_1_188' title='bbox 926 3280 1032 3344; x_wconf 84' lang='lat' dir='ltr'><strong>quinque</strong></span> <span class='ocrx_word' id='word_1_189' title='bbox 1046 3278 1219 3343; x_wconf 81' lang='lat' dir='ltr'><strong>provinciarum</strong></span> 
     </span>
     <span class='ocr_line' id='line_1_26' title="bbox 156 3355 1220 3426; baseline -0.003 -19"><span class='ocrx_word' id='word_1_190' title='bbox 156 3358 272 3420; x_wconf 87' lang='lat' dir='ltr'><strong>regularis</strong></span> <span class='ocrx_word' id='word_1_191' title='bbox 288 3359 395 3410; x_wconf 86' lang='lat' dir='ltr'><strong>delinitio</strong></span> <span class='ocrx_word' id='word_1_192' title='bbox 412 3361 441 3410; x_wconf 90' lang='lat' dir='ltr'><strong>de</strong></span> <span class='ocrx_word' id='word_1_193' title='bbox 460 3360 613 3426; x_wconf 73' lang='lat' dir='ltr'><strong>prelatorum</strong></span> <span class='ocrx_word' id='word_1_194' title='bbox 632 3359 765 3422; x_wconf 87' lang='lat' dir='ltr'><strong>dejectione</strong></span> <span class='ocrx_word' id='word_1_195' title='bbox 783 3359 905 3409; x_wconf 77' lang='lat' dir='ltr'><strong>benedicti</strong></span> <span class='ocrx_word' id='word_1_196' title='bbox 925 3374 993 3424; x_wconf 81' lang='lat' dir='ltr'><strong>papa</strong></span> <span class='ocrx_word' id='word_1_197' title='bbox 1015 3365 1040 3407; x_wconf 91' lang='lat' dir='ltr'><strong>et</strong></span> <span class='ocrx_word' id='word_1_198' title='bbox 1054 3357 1143 3408; x_wconf 89' lang='lat' dir='ltr'><strong>Nicolai</strong></span> <span class='ocrx_word' id='word_1_199' title='bbox 1163 3355 1220 3405; x_wconf 89' lang='lat' dir='ltr'><strong>sub-</strong></span> 
     </span>
     <span class='ocr_line' id='line_1_27' title="bbox 156 3437 1221 3506; baseline -0.005 -17"><span class='ocrx_word' id='word_1_200' title='bbox 156 3440 327 3506; x_wconf 87' lang='lat' dir='ltr'><strong>scriptionibus</strong></span> <span class='ocrx_word' id='word_1_201' title='bbox 338 3441 416 3491; x_wconf 82' lang='lat' dir='ltr'><strong>luerat</strong></span> <span class='ocrx_word' id='word_1_202' title='bbox 427 3442 573 3505; x_wconf 82' lang='lat' dir='ltr'><strong>confirmata,</strong></span> <span class='ocrx_word' id='word_1_203' title='bbox 588 3439 716 3490; x_wconf 91' lang='lat' dir='ltr'><strong>secuudum</strong></span> <span class='ocrx_word' id='word_1_204' title='bbox 729 3439 903 3502; x_wconf 83' lang='lat' dir='ltr'><strong>indulgentiam</strong></span> <span class='ocrx_word' id='word_1_205' title='bbox 920 3442 1022 3491; x_wconf 79' lang='lat' dir='ltr'><strong>Nicaeae</strong></span> <span class='ocrx_word' id='word_1_206' title='bbox 1035 3438 1118 3504; x_wconf 82' lang='lat' dir='ltr'><strong>synodi</strong></span> <span class='ocrx_word' id='word_1_207' title='bbox 1137 3437 1166 3486; x_wconf 91' lang='lat' dir='ltr'><strong>de</strong></span> <span class='ocrx_word' id='word_1_208' title='bbox 1182 3437 1221 3485; x_wconf 85' lang='lat' dir='ltr'><strong>hia</strong></span> 
     </span>
     <span class='ocr_line' id='line_1_28' title="bbox 156 3516 1221 3586; baseline -0.006 -17"><span class='ocrx_word' id='word_1_209' title='bbox 156 3535 216 3585; x_wconf 83' lang='lat' dir='ltr'><strong>quos</strong></span> <span class='ocrx_word' id='word_1_210' title='bbox 229 3520 355 3571; x_wconf 89' lang='lat' dir='ltr'><strong>damnatus</strong></span> <span class='ocrx_word' id='word_1_211' title='bbox 369 3522 487 3573; x_wconf 87' lang='lat' dir='ltr'><strong>ordinarit</strong></span> <span class='ocrx_word' id='word_1_212' title='bbox 501 3521 621 3586; x_wconf 87' lang='lat' dir='ltr'><strong>Meletius,</strong></span> <span class='ocrx_word' id='word_1_213' title='bbox 638 3526 663 3570; x_wconf 90' lang='lat' dir='ltr'><strong>et</strong></span> <span class='ocrx_word' id='word_1_214' title='bbox 683 3521 752 3583; x_wconf 83' lang='lat' dir='ltr'><strong>juxta</strong></span> <span class='ocrx_word' id='word_1_215' title='bbox 776 3520 928 3571; x_wconf 87' lang='lat' dir='ltr'><strong>traditionem</strong></span> <span class='ocrx_word' id='word_1_216' title='bbox 952 3521 1055 3571; x_wconf 76' lang='lat' dir='ltr'><strong>Africani</strong></span> <span class='ocrx_word' id='word_1_217' title='bbox 1074 3517 1167 3568; x_wconf 88' lang='lat' dir='ltr'><strong>concilii</strong></span> <span class='ocrx_word' id='word_1_218' title='bbox 1190 3516 1221 3564; x_wconf 92' lang='lat' dir='ltr'><strong>de</strong></span> 
     </span>
     <span class='ocr_line' id='line_1_29' title="bbox 157 3600 1220 3667; baseline -0.005 -17"><span class='ocrx_word' id='word_1_219' title='bbox 157 3601 298 3664; x_wconf 83' lang='lat' dir='ltr'><strong>Donatistis,</strong></span> <span class='ocrx_word' id='word_1_220' title='bbox 312 3602 337 3650; x_wconf 93' lang='lat' dir='ltr'><strong>in</strong></span> <span class='ocrx_word' id='word_1_221' title='bbox 347 3602 462 3664; x_wconf 87' lang='lat' dir='ltr'><strong>gradibus</strong></span> <span class='ocrx_word' id='word_1_222' title='bbox 472 3603 643 3667; x_wconf 89' lang='lat' dir='ltr'><strong>reciperentur,</strong></span> <span class='ocrx_word' id='word_1_223' title='bbox 663 3601 687 3650; x_wconf 85' lang='lat' dir='ltr'><strong>si</strong></span> <span class='ocrx_word' id='word_1_224' title='bbox 707 3604 793 3651; x_wconf 81' lang='lat' dir='ltr'><strong>tomen</strong></span> <span class='ocrx_word' id='word_1_225' title='bbox 806 3601 913 3652; x_wconf 84' lang='lat' dir='ltr'><strong>Nicoluo</strong></span> <span class='ocrx_word' id='word_1_226' title='bbox 926 3615 1003 3666; x_wconf 84' lang='lat' dir='ltr'><strong>pupoe</strong></span> <span class='ocrx_word' id='word_1_227' title='bbox 1017 3600 1132 3665; x_wconf 83' lang='lat' dir='ltr'><strong>placeret</strong></span> <span class='ocrx_word' id='word_1_228' title='bbox 1147 3611 1220 3646; x_wconf 81' lang='lat' dir='ltr'><strong>suam</strong></span> 
     </span>
     <span class='ocr_line' id='line_1_30' title="bbox 157 3677 1222 3748; baseline -0.005 -18"><span class='ocrx_word' id='word_1_229' title='bbox 157 3681 306 3744; x_wconf 82' lang='lat' dir='ltr'><strong>immutare,</strong></span> <span class='ocrx_word' id='word_1_230' title='bbox 335 3697 412 3748; x_wconf 81' lang='lat' dir='ltr'><strong>quom</strong></span> <span class='ocrx_word' id='word_1_231' title='bbox 434 3683 604 3747; x_wconf 79' lang='lat' dir='ltr'><strong>confirmauit,</strong></span> <span class='ocrx_word' id='word_1_232' title='bbox 626 3681 814 3732; x_wconf 78' lang='lat' dir='ltr'><strong>sententiam.»</strong></span> <span class='ocrx_word' id='word_1_233' title='bbox 841 3681 963 3732; x_wconf 83' lang='lat' dir='ltr'><strong>Hinomari</strong></span> <span class='ocrx_word' id='word_1_234' title='bbox 988 3679 1108 3739; x_wconf 78' lang='lat' dir='ltr'><strong>Annales,</strong></span> <span class='ocrx_word' id='word_1_235' title='bbox 1136 3692 1159 3726; x_wconf 91' lang='grc'><strong>6.</strong></span> <span class='ocrx_word' id='word_1_236' title='bbox 1177 3677 1222 3726; x_wconf 89' lang='grc'><strong>866</strong></span> 
     </span>
     <span class='ocr_line' id='line_1_31' title="bbox 157 3756 1222 3827; baseline -0.006 -15"><span class='ocrx_word' id='word_1_237' title='bbox 157 3763 378 3827; x_wconf 58' lang='grc'>(6661661162).</span> <span class='ocrx_word' id='word_1_238' title='bbox 393 3763 461 3823; x_wconf 83' lang='lat' dir='ltr'><strong>Quod</strong></span> <span class='ocrx_word' id='word_1_239' title='bbox 475 3763 583 3813; x_wconf 79' lang='lat' dir='ltr'><strong>conteras</strong></span> <span class='ocrx_word' id='word_1_240' title='bbox 592 3777 647 3812; x_wconf 93' lang='lat' dir='ltr'><strong>cum</strong></span> <span class='ocrx_word' id='word_1_241' title='bbox 661 3759 702 3810; x_wconf 89' lang='grc'>1116</span> <span class='ocrx_word' id='word_1_242' title='bbox 715 3761 833 3826; x_wconf 79' lang='lat' dir='ltr'><strong>Epistola</strong></span> <span class='ocrx_word' id='word_1_243' title='bbox 850 3762 975 3826; x_wconf 79' lang='lat' dir='ltr'><strong>synodico</strong></span> <span class='ocrx_word' id='word_1_244' title='bbox 985 3775 1058 3826; x_wconf 88' lang='lat' dir='ltr'><strong>quam</strong></span> <span class='ocrx_word' id='word_1_245' title='bbox 1072 3757 1177 3822; x_wconf 89' lang='lat' dir='ltr'><strong>episcopi</strong></span> <span class='ocrx_word' id='word_1_246' title='bbox 1192 3756 1222 3806; x_wconf 90' lang='lat' dir='ltr'><strong>ad</strong></span> 
     </span>
     <span class='ocr_line' id='line_1_32' title="bbox 156 3837 1223 3907; baseline -0.005 -17"><span class='ocrx_word' id='word_1_247' title='bbox 156 3842 239 3891; x_wconf 85' lang='lat' dir='ltr'><strong>sedam</strong></span> <span class='ocrx_word' id='word_1_248' title='bbox 251 3842 402 3906; x_wconf 88' lang='lat' dir='ltr'><strong>apostolicam</strong></span> <span class='ocrx_word' id='word_1_249' title='bbox 417 3844 535 3893; x_wconf 88' lang='lat' dir='ltr'><strong>miserunt</strong></span> <span class='ocrx_word' id='word_1_250' title='bbox 546 3842 641 3907; x_wconf 86' lang='lat' dir='ltr'><strong>(Colati,</strong></span> <span class='ocrx_word' id='word_1_251' title='bbox 656 3847 675 3890; x_wconf 92' lang='lat' dir='ltr'><strong>t.</strong></span> <span class='ocrx_word' id='word_1_252' title='bbox 689 3842 721 3904; x_wconf 85' lang='lat' dir='ltr'><strong>X,</strong></span> <span class='ocrx_word' id='word_1_253' title='bbox 737 3857 761 3906; x_wconf 93' lang='lat' dir='ltr'><strong>p.</strong></span> <span class='ocrx_word' id='word_1_254' title='bbox 774 3842 897 3906; x_wconf 82' lang='grc'>316319).</span> <span class='ocrx_word' id='word_1_255' title='bbox 912 3843 990 3904; x_wconf 71' lang='grc'>116166</span> <span class='ocrx_word' id='word_1_256' title='bbox 1003 3845 1085 3889; x_wconf 88' lang='lat' dir='ltr'><strong>autem</strong></span> <span class='ocrx_word' id='word_1_257' title='bbox 1098 3837 1223 3887; x_wconf 81' lang='lat' dir='ltr'><strong>sententia</strong></span> 
     </span>
     <span class='ocr_line' id='line_1_33' title="bbox 157 3916 1221 3987; baseline -0.006 -16"><span class='ocrx_word' id='word_1_258' title='bbox 157 3936 280 3972; x_wconf 88' lang='lat' dir='ltr'><strong>suasorem</strong></span> <span class='ocrx_word' id='word_1_259' title='bbox 300 3922 373 3974; x_wconf 86' lang='lat' dir='ltr'><strong>luisse</strong></span> <span class='ocrx_word' id='word_1_260' title='bbox 392 3924 549 3973; x_wconf 90' lang='lat' dir='ltr'><strong>Hinomarum</strong></span> <span class='ocrx_word' id='word_1_261' title='bbox 570 3922 670 3987; x_wconf 87' lang='lat' dir='ltr'><strong>probant</strong></span> <span class='ocrx_word' id='word_1_262' title='bbox 690 3928 715 3971; x_wconf 89' lang='lat' dir='ltr'><strong>et</strong></span> <span class='ocrx_word' id='word_1_263' title='bbox 735 3916 1221 3987; x_wconf 60' lang='grc'>8616661666611666661661666661)</span> 
     </span>
     <span class='ocr_line' id='line_1_34' title="bbox 156 3997 1224 4068; baseline -0.006 -16"><span class='ocrx_word' id='word_1_264' title='bbox 156 4002 332 4068; x_wconf 86' lang='lat' dir='ltr'><strong>archiepiscopo</strong></span> <span class='ocrx_word' id='word_1_265' title='bbox 344 4004 458 4054; x_wconf 85' lang='lat' dir='ltr'><strong>ilamensi</strong></span> <span class='ocrx_word' id='word_1_266' title='bbox 472 4003 533 4053; x_wconf 82' lang='lat' dir='ltr'><strong>data</strong></span> <span class='ocrx_word' id='word_1_267' title='bbox 547 4002 641 4068; x_wconf 88' lang='lat' dir='ltr'><strong>(Golcti,</strong></span> <span class='ocrx_word' id='word_1_268' title='bbox 657 4001 726 4065; x_wconf 82' lang='lat' dir='ltr'><strong>ibid,</strong></span> <span class='ocrx_word' id='word_1_269' title='bbox 739 4017 763 4066; x_wconf 94' lang='lat' dir='ltr'><strong>p.</strong></span> <span class='ocrx_word' id='word_1_270' title='bbox 776 4002 902 4066; x_wconf 79' lang='lat' dir='ltr'><strong>aee-313),</strong></span> <span class='ocrx_word' id='word_1_271' title='bbox 915 4006 940 4051; x_wconf 93' lang='lat' dir='ltr'><strong>et</strong></span> <span class='ocrx_word' id='word_1_272' title='bbox 948 3999 1025 4051; x_wconf 89' lang='lat' dir='ltr'><strong>Caroli</strong></span> <span class='ocrx_word' id='word_1_273' title='bbox 1037 3998 1103 4050; x_wconf 85' lang='lat' dir='ltr'><strong>Calvi</strong></span> <span class='ocrx_word' id='word_1_274' title='bbox 1115 3997 1145 4047; x_wconf 87' lang='lat' dir='ltr'><strong>ed</strong></span> <span class='ocrx_word' id='word_1_275' title='bbox 1154 3997 1224 4048; x_wconf 91' lang='lat' dir='ltr'><strong>Nico-</strong></span> 
     </span>
     <span class='ocr_line' id='line_1_35' title="bbox 157 4080 546 4149; baseline 0.008 -18"><span class='ocrx_word' id='word_1_276' title='bbox 157 4080 223 4132; x_wconf 89' lang='lat' dir='ltr'><strong>laum</strong></span> <span class='ocrx_word' id='word_1_277' title='bbox 235 4083 335 4146; x_wconf 89' lang='lat' dir='ltr'><strong>epistola</strong></span> <span class='ocrx_word' id='word_1_278' title='bbox 348 4084 429 4148; x_wconf 79' lang='lat' dir='ltr'><strong>(ibid,</strong></span> <span class='ocrx_word' id='word_1_279' title='bbox 444 4100 468 4149; x_wconf 94' lang='lat' dir='ltr'><strong>p.</strong></span> <span class='ocrx_word' id='word_1_280' title='bbox 481 4085 546 4148; x_wconf 76' lang='lat'><strong>32³).</strong></span> 
     </span>
    </p>

    <p class='ocr_par' dir='ltr' id='par_1_6' title="bbox 94 4157 1224 4309">
     <span class='ocr_line' id='line_1_36' title="bbox 190 4157 1224 4230; baseline -0.004 -18"><span class='ocrx_word' id='word_1_281' title='bbox 190 4166 213 4213; x_wconf 91' lang='lat' dir='ltr'><strong>l.</strong></span> <span class='ocrx_word' id='word_1_282' title='bbox 231 4162 301 4225; x_wconf 82' lang='lat' dir='ltr'><strong>Egilo</strong></span> <span class='ocrx_word' id='word_1_283' title='bbox 321 4167 422 4214; x_wconf 81' lang='lat' dir='ltr'><strong>Romam</strong></span> <span class='ocrx_word' id='word_1_284' title='bbox 439 4163 561 4230; x_wconf 85' lang='lat' dir='ltr'><strong>profectus</strong></span> <span class='ocrx_word' id='word_1_285' title='bbox 582 4169 619 4214; x_wconf 88' lang='lat' dir='ltr'><strong>est</strong></span> <span class='ocrx_word' id='word_1_286' title='bbox 643 4163 722 4212; x_wconf 88' lang='lat' dir='ltr'><strong>lercns</strong></span> <span class='ocrx_word' id='word_1_287' title='bbox 743 4160 867 4225; x_wconf 86' lang='lat' dir='ltr'><strong>epistolam</strong></span> <span class='ocrx_word' id='word_1_288' title='bbox 891 4160 1014 4210; x_wconf 84' lang='lat' dir='ltr'><strong>llincmari</strong></span> <span class='ocrx_word' id='word_1_289' title='bbox 1044 4160 1073 4210; x_wconf 89' lang='lat' dir='ltr'><strong>ad</strong></span> <span class='ocrx_word' id='word_1_290' title='bbox 1097 4157 1224 4210; x_wconf 89' lang='lat' dir='ltr'><strong>Nicolaum</strong></span> 
     </span>
     <span class='ocr_line' id='line_1_37' title="bbox 94 4239 1222 4309; baseline -0.004 -17"><span class='ocrx_word' id='word_1_291' title='bbox 94 4274 97 4284; x_wconf 84' lang='lat'>·</span> <span class='ocrx_word' id='word_1_292' title='bbox 158 4243 272 4308; x_wconf 89' lang='lat' dir='ltr'><strong>scriptam</strong></span> <span class='ocrx_word' id='word_1_293' title='bbox 291 4249 316 4294; x_wconf 90' lang='lat' dir='ltr'><strong>at</strong></span> <span class='ocrx_word' id='word_1_294' title='bbox 335 4244 440 4294; x_wconf 78' lang='lat' dir='ltr'><strong>«datam</strong></span> <span class='ocrx_word' id='word_1_295' title='bbox 454 4242 561 4296; x_wconf 82' lang='lat' dir='ltr'><strong>kalendis</strong></span> <span class='ocrx_word' id='word_1_296' title='bbox 576 4243 706 4309; x_wconf 89' lang='lat' dir='ltr'><strong>septembr.</strong></span> <span class='ocrx_word' id='word_1_297' title='bbox 719 4243 803 4292; x_wconf 88' lang='lat' dir='ltr'><strong>indict.</strong></span> <span class='ocrx_word' id='word_1_298' title='bbox 817 4253 863 4292; x_wconf 80' lang='lat' dir='ltr'><strong>xiv</strong></span> <span class='ocrx_word' id='word_1_299' title='bbox 875 4258 898 4291; x_wconf 85' lang='lat' dir='ltr'><strong>o.</strong></span> <span class='ocrx_word' id='word_1_300' title='bbox 919 4241 952 4294; x_wconf 87' lang='lat' dir='ltr'><strong>V.</strong></span> <span class='ocrx_word' id='word_1_301' title='bbox 970 4241 1062 4304; x_wconf 75' lang='lat' dir='ltr'><strong>iligna,</strong></span> <span class='ocrx_word' id='word_1_302' title='bbox 1078 4247 1097 4291; x_wconf 92' lang='lat' dir='ltr'><strong>t.</strong></span> <span class='ocrx_word' id='word_1_303' title='bbox 1112 4239 1222 4300; x_wconf 78' lang='lat' dir='ltr'><strong>CXXVI,</strong></span> 
     </span>
    </p>
   </div>
   <div class='ocr_carea' id='block_1_5' title="bbox 0 0 1490 5050">
    <p class='ocr_par' dir='ltr' id='par_1_7' title="bbox 0 0 1490 5050">
     <span class='ocr_line' id='line_1_38' title="bbox 0 0 1490 5050; baseline 0 0"><span class='ocrx_word' id='word_1_304' title='bbox 0 0 1490 5050; x_wconf 95' lang='lat' dir='ltr'><strong> </strong></span> 
     </span>
    </p>
   </div>
  </div>
 </body>
</html>
