2954 5050
462 428 626 479 PLENIUS
647 427 888 479 osrnrtntrtttt
1161 427 1206 475 ΞΜ

142 578 193 637 rat
212 569 276 636 nisi
296 569 367 658 ejus
385 570 560 658 exemplar,
577 577 727 639 metuens
742 568 877 638 ne'fides
896 570 1014 657 scripto
1026 591 1044 637 n
1058 589 1093 638 se
1105 571 1206 638 misso

141 685 331 772 haberetur,
356 685 425 772 ipse
448 685 485 752 in
506 683 621 753 eadem
642 685 776 772 epistola
800 683 932 754 Nicolao
953 685 1037 753 hanc
1059 693 1204 753 mentem

139 799 297 888 injecerat
319 809 356 868 nt
378 800 419 868 ad
442 801 605 890 exemplar
627 801 747 870 archivi
769 799 912 872 Romani
934 801 1037 870 adiret
1060 800 1204 889 illudque

140 935 219 984 cum
234 936 294 983 suo
308 913 470 984 conferret
482 915 504 984 ¹.

182 1028 388 1118 Quapropter
410 1029 668 1120 archiepiscopus
688 1030 873 1120 Ramensis,
896 1041 934 1100 ut
954 1031 1112 1121 injustam
1130 1054 1203 1103 eam

138 1143 381 1212 accusationem
399 1162 437 1212 ex
455 1142 579 1212 Nicolai
601 1144 718 1212 litteris
741 1143 864 1234 didicit,
890 1144 1113 1216 defensionem
1136 1169 1203 1217 non

138 1279 270 1327 necesse
296 1259 412 1328 habuit
434 1278 579 1346 quaerere
602 1259 745 1346 longius,
774 1261 830 1330 sed
856 1283 913 1348 pro
941 1273 1135 1348 argumento
1163 1264 1204 1333 ad

136 1374 332 1444 diluendum
346 1375 484 1463 crimen,
496 1394 533 1442 ex
542 1374 798 1463 epistolaquam,
810 1396 896 1445 anno
906 1378 984 1465 863,
996 1377 1133 1447 Romam
1145 1401 1202 1467 per

138 1487 290 1558 Odonem
305 1489 453 1577 miserat,
471 1489 579 1558 locum
595 1511 702 1558 unum
715 1490 914 1578 descriptum
927 1512 1039 1561 rursus
1054 1493 1094 1562 ad
1108 1494 1204 1562 Nico·

136 1606 229 1672 laum
252 1605 359 1691 misit,
386 1605 432 1674 sic
452 1605 650 1674 concludens
670 1607 730 1673 hac
751 1605 871 1676 invicta
895 1609 1202 1694 argumentationes

143 1744 161 1785 «
178 1719 256 1789 Hac
286 1729 365 1788 sunt
392 1721 490 1790 verba
521 1740 595 1790 mea
629 1721 665 1788 in
700 1720 833 1809 epistola
866 1731 984 1791 sancta
1018 1725 1205 1810 paternitati

136 1844 252 1906 vestre
265 1835 399 1904 directa.
421 1835 518 1923 Nam,
544 1836 572 1904 si
593 1835 669 1904 inde
685 1834 772 1923 qnod
792 1836 839 1905 ibi
862 1847 910 1906 est
927 1837 1071 1926 positum
1088 1839 1144 1908 nsi
1159 1840 1204 1908 ita

136 1959 218 2020 ests
237 1952 421 2038 erasissem,
437 1951 600 2039 snperllue
620 1950 707 2039 quod
730 1951 885 2037 quiddam
911 1952 958 2020 ibi
979 1952 1040 2021 snb
1062 1953 1203 2039 quadam

136 2064 342 2134 dubitatione
355 2075 439 2135 esset
455 2065 598 2151 positum
612 2065 800 2135 scriberem.
817 2065 859 2134 Et
874 2066 901 2136 si
914 2066 1036 2155 aliquid
1048 2067 1095 2136 ibi
1107 2068 1205 2137 adde·

136 2199 223 2266 rem,
239 2191 415 2268 mutarem,
426 2182 475 2250 vel
486 2181 667 2269 demerem,
683 2189 720 2249 nt
734 2182 768 2249 in
781 2181 901 2250 scrinio
915 2192 1034 2250 sancte
1046 2183 1203 2254 Romane

137 2295 281 2367 ecclesia
300 2297 463 2386 exemplar
481 2297 569 2364 illius
583 2295 804 2385 requireretis,
820 2305 853 2366 et
868 2306 981 2366 utrum
997 2299 1042 2368 ita
1057 2313 1091 2367 se
1105 2299 1205 2367 babe-

137 2422 188 2482 ret
212 2411 441 2498 agnosceretis
457 2410 599 2479 scribere
622 2431 689 2478 nnn
709 2411 877 2482 auderem.
902 2413 1055 2482 Ceterum
1074 2413 1100 2482 si
1121 2435 1204 2502 qno-

136 2547 268 2614 cunqnc
280 2525 388 2610 modo,
412 2546 608 2614 quacunque
619 2526 799 2616 occasione,
815 2547 833 2596 a
847 2549 1042 2616 quocunque
1056 2529 1148 2600 aliter
1163 2530 1204 2599 ad

135 2663 193 2712 vos
216 2642 360 2712 delatum
380 2639 454 2730 init,
483 2650 595 2709 tamen
620 2662 679 2729 ego
702 2662 761 2731 per
786 2643 958 2731 prelatum
987 2645 1203 2717 venerabilem

135 2757 362 2845 coepiscopum
373 2767 536 2842 nostrum,
552 2759 636 2826 sicut
648 2777 682 2826 se
694 2757 804 2845 habet,
819 2759 981 2846 exemplar
993 2758 1091 2846 hujus
1104 2759 1204 2847 privi-

135 2874 212 2960 legii
228 2874 318 2943 vobis
331 2873 445 2944 direxi.
458 2873 553 2954 Quod
565 2874 593 2942 si
604 2873 695 2943 vobis
708 2894 775 2941 non
789 2872 1029 2942 inerittatdium
1043 2886 1202 2945 reservato

169 3084 193 3131 l.
211 3081 253 3132 Sic
265 3079 330 3130 enim
342 3081 486 3131 liincmsrns
499 3080 529 3131 ad
543 3080 669 3131 Nicolaum
683 3079 810 3143 scripserat
824 3094 831 3131 a
852 3080 995 3131 oblitterem
1011 3081 1089 3146 ipsam
1101 3081 1201 3130 authen-

134 3161 210 3210 ticam
222 3160 341 3225 prinilegii
356 3161 474 3224 chartam,
495 3176 568 3225 quem
587 3161 662 3210 beate
680 3159 849 3210 recordationis
862 3175 993 3224 precessor
1006 3167 1085 3210 vester
1101 3161 1203 3211 domnus

135 3241 283 3292 Benedictus
299 3241 358 3291 mihi
372 3256 415 3292 sua
429 3241 570 3292 auctoritate
584 3241 683 3296 direxita
697 3239 739 3290 sed
749 3240 820 3290 timui
830 3239 928 3290 nemibi
943 3239 1000 3290 inde
1009 3240 1099 3306 aliquid
1112 3242 1202 3292 sinistri

136 3323 162 3370 in
176 3322 215 3370 ria
228 3321 387 3385 contingeret,
401 3326 425 3372 et
440 3321 533 3385 solatio,
545 3321 610 3386 quod
622 3321 678 3370 inde
689 3321 802 3370 adversus
814 3320 992 3382 insurgentium
1003 3321 1107 3386 impetus
1116 3322 1200 3384 babeo,

135 3401 218 3450 liorem
232 3400 369 3450 destitutus.
386 3402 471 3452 Vestra
487 3415 544 3450 vero
559 3400 668 3462 dignatio
679 3400 703 3449 in
719 3399 804 3450 scrinio
820 3405 908 3450 sancte
920 3401 1036 3452 Romane
1049 3400 1160 3452 Ecclesia
1174 3416 1202 3450 ex

135 3496 203 3532 more
217 3481 339 3545 exemplar
354 3480 417 3530 illins
431 3487 509 3545 potest
522 3481 653 3545 requirere,
669 3487 694 3530 et
707 3486 787 3530 utrum
799 3480 833 3529 ita
845 3479 970 3532 schabest
984 3481 1106 3532 evidenter
1115 3495 1202 3542 agnos·

135 3577 199 3613 cere.
215 3562 245 3611 ln
258 3575 314 3626 qno,
325 3563 344 3610 si
357 3567 441 3612 vestre
454 3560 576 3610 sanctitati
588 3559 674 3624 placet,
690 3575 786 3610 necesse
799 3566 836 3610 est
847 3559 916 3610 nobis
928 3566 956 3611 nt
969 3561 1077 3626 quedam
1087 3561 1201 3624 superad-

135 3640 208 3704 datis,
222 3639 405 3707 quahicfrater
417 3654 445 3690 ac
457 3639 521 3688 filins
536 3646 626 3703 noster,
634 3640 704 3702 juxta
720 3639 783 3703 quod
796 3641 950 3690 necessitates
964 3647 1057 3690 nostras
1071 3640 1200 3704 cognoscit,

134 3727 221 3772 vestre
236 3726 352 3782 suggeret
361 3720 490 3770 sanctitati.
505 3720 577 3781 Quia,
590 3719 653 3768 sicut
667 3725 762 3768 sanctus
772 3721 923 3782 Augustinus
940 3719 1008 3784 dicit,
1023 3734 1120 3769 necesse
1129 3725 1203 3770 estut

134 3801 165 3852 ad
177 3815 239 3852 nora
248 3800 386 3850 morborum
399 3814 487 3860 genera
500 3814 562 3850 nora
570 3804 708 3862 querantur
721 3798 950 3850 medicamentorum
966 3800 1137 3865 experimenta.
1152 3799 1201 3852 Sed

135 3887 160 3931 et
172 3881 202 3930 de
214 3879 303 3944 synodo
311 3879 374 3944 apud
390 3880 528 3930 Suessiones
543 3878 634 3941 habita,
652 3877 681 3928 de
695 3893 751 3943 qna,
765 3877 868 3929 factione
879 3878 1005 3941 cujusdem
1020 3877 1100 3928 clerici
1116 3880 1200 3945 nostri,

135 3958 175 4023 qui
192 3957 291 4008 anobis
306 3956 461 4018 negligentiis
480 3957 529 4005 suis
549 3956 646 4005 territus
662 3955 802 4020 aufugerat,
817 3955 946 4021 quiddam
966 3955 1001 4004 idi
1020 3954 1067 4004 sub
1086 3955 1200 4022 quadam

136 4037 299 4089 dubitatione
311 4040 350 4086 est
358 4038 484 4101 positum,
496 4036 536 4085 hic
550 4036 622 4086 irater
638 4050 665 4084 ac
683 4035 746 4086 lilius
762 4041 842 4086 noster
856 4034 924 4084 vobis
934 4034 968 4084 rei
983 4035 1110 4087 veritatem
1123 4042 1202 4102 potest

135 4131 243 4181 narrare,
259 4116 300 4180 qni
316 4115 395 4167 eidem
409 4116 499 4181 spnodo
511 4115 628 4173 interluit,
645 4120 670 4164 et
683 4114 761 4164 adhuc
771 4114 900 4166 innomine
917 4112 1012 4164 abbatis
1022 4114 1199 4180 subscripsit.»

135 4197 234 4262 (iligna,
245 4201 264 4246 t.
275 4197 385 4260 CXXVI,
396 4211 420 4260 p.
432 4200 481 4258 δῖ.)
492 4197 548 4245 Hac
558 4195 656 4260 quidem
667 4193 767 4259 epistola
773 4195 826 4256 jam
833 4208 880 4242 non
890 4199 967 4243 exstat
976 4194 1127 4258 integra,sad
1137 4195 1200 4248 hunc

74 4321 78 4332 .
135 4278 213 4331 locunt
228 4277 280 4342 ipse
289 4276 434 4328 ilincmsrus
448 4275 592 4340 interposuit
604 4275 629 4327 in
643 4274 689 4324 alia
700 4272 729 4323 ad
740 4271 852 4324 eumdem
863 4287 949 4338 papam
960 4274 1050 4340 scripta
1059 4276 1168 4344 epistola.
