2954 5050
473 471 637 524 euentus
659 470 902 522 osrltrttttrtttt
1175 473 1219 522 196

201 613 424 682 Recordemur
456 613 547 682 enim
576 614 657 702 quid
694 633 781 682 anno
815 613 982 702 superiore
1020 621 1130 682 actum
1163 613 1217 682 sit.

156 728 301 798 Venerat
313 729 350 797 in
363 727 485 796 Gallias
502 729 676 816 Arsenius,
699 729 870 797 Hortensis
889 729 1070 816 episcopus,
1091 737 1221 816 aposto-

153 845 217 913 lice
237 842 377 932 iungens
396 845 571 932 legatione,
594 844 747 912 Carnium
767 843 900 913 Calvum
922 843 1058 932 adierat,
1074 843 1132 932 qui
1149 853 1221 911 tum

154 957 347 1028 Wulladum
361 960 523 1028 retinebat
537 960 623 1046 apud
637 980 685 1046 se,
697 968 794 1046 atque
806 959 1032 1029 benevolentia
1046 977 1222 1046 proseque-

153 1074 253 1142 batur
267 1095 304 1142 ac
317 1073 546 1145 liberalitate¹.
570 1073 657 1155 Quid
676 1075 739 1144 illis
755 1074 984 1160 congressibus
1003 1083 1101 1161 atqua
1124 1076 1223 1143 collo·

152 1190 241 1277 quiis
255 1189 417 1259 Arsenius
431 1200 464 1260 et
476 1211 529 1260 rer
542 1190 747 1259 Francorum
764 1191 852 1259 inter
866 1189 954 1260 sede
968 1188 1122 1258 Wullado
1136 1191 1220 1278 pacti

155 1307 241 1393 siut,
266 1327 376 1374 nonne
398 1305 459 1374 iste
481 1305 722 1394 apocrisiarius,
747 1327 807 1394 pro
828 1329 888 1376 suo
906 1326 998 1375 more
1021 1315 1053 1375 et
1073 1306 1220 1395 ingenio,

155 1421 257 1506 regiis
279 1422 475 1490 muneribus
497 1432 668 1510 corruptus
688 1423 743 1510 sit,
764 1443 881 1508 parum
902 1423 1135 1510 comperimus,
1158 1423 1223 1490 nisi

156 1535 234 1624 quia
249 1557 287 1604 ex
301 1557 339 1605 eo
357 1545 502 1627 tempore
515 1537 736 1627 patrocinium
749 1537 896 1607 Wulladi
907 1537 1043 1627 ejusque
1057 1536 1220 1624 sociorum

156 1651 198 1720 eb
215 1653 354 1720 Arsenio
368 1662 536 1740 arreptum
554 1652 654 1721 fuisse
668 1661 806 1721 constat.
1037 1661 1041 1671 “

203 1766 235 1834 ls
247 1768 349 1855 enim,
361 1769 448 1834 nulla
463 1768 653 1855 interposita
664 1788 768 1855 mora,
780 1767 973 1856 priusquam
979 1786 1018 1835 ex
1026 1765 1138 1838 Galliis
1147 1792 1224 1859 pro·

158 1885 370 1971 ficisceretur,
385 1885 598 1974 questionem
612 1907 672 1954 suo
688 1887 845 1954 arbitratu
858 1887 1037 1974 constituit,
1055 1896 1124 1955 tum
1138 1908 1223 1975 reos,

157 2009 230 2068 tum
237 2000 364 2090 judices
373 2001 566 2089 interroget,
579 2011 676 2090 atque
691 2001 909 2070 Hincmarum
919 2003 1005 2090 cogit
1016 2012 1054 2071 ut
1064 2003 1225 2072 rationem

160 2117 281 2203 scripto
299 2117 423 2185 reddat.
447 2116 541 2198 Quod
557 2117 627 2205 ipse
644 2116 844 2186 Hincmarus
858 2115 1023 2206 professus
1043 2127 1104 2206 est,
1125 2118 1226 2186 slede

161 2232 314 2302 Wulfado
333 2233 468 2322 ejusque
489 2234 584 2302 sociis
604 2233 645 2302 ad
663 2233 836 2322 Egilonem
859 2234 1018 2322 scribens,
1036 2255 1123 2302 anno
1136 2236 1223 2302 8672

166 2370 184 2413 ιι
200 2346 240 2414 de
267 2346 406 2434 praelatis
429 2346 601 2434 ordinatis,
626 2347 667 2416 ab
691 2348 830 2417 Arsenio
853 2349 973 2437 scripto
992 2349 1224 2438 interrogatae,

94 2481 96 2488 ·
162 2461 291 2550 scriptis
304 2464 463 2533 rationem
475 2461 604 2532 reddidi
613 2461 638 2530 ².
651 2487 668 2527 ιι

209 2578 316 2658 Quid?
338 2578 373 2646 Si
401 2589 546 2667 tempora
569 2577 780 2662 conferimus,
802 2581 863 2648 boc
883 2600 1056 2668 possumus
1076 2580 1227 2648 animad-

164 2704 301 2780 vertere,
332 2714 370 2762 eo
395 2695 465 2781 ipso
487 2705 647 2783 tempore,
666 2693 701 2762 id
722 2703 770 2762 est
793 2695 929 2763 incunte
951 2716 1039 2762 anno
1057 2696 1134 2784 866,
1150 2716 1226 2763 cnm

163 2809 325 2876 Arsenius
357 2809 528 2879 Hortensis
568 2809 708 2878 Romam
746 2830 784 2878 ex
816 2809 955 2879 Francia
988 2830 1135 2879 reversus
1163 2819 1223 2896 est,

165 2933 233 2992 tum
261 2925 407 3011 primum
432 2925 602 2994 Nicolaum
627 2946 761 2994 causam
774 2925 1019 2995 Wulladianam
1033 2926 1226 3015 suscepisse,

166 3038 302 3127 eamque
316 3040 437 3109 iterum
455 3041 578 3129 inquiri
588 3039 727 3129 jussisse
735 3028 760 3110 ³.

93 3314 95 3318 ’
196 3300 218 3350 l.
235 3297 301 3350 litei
313 3304 339 3348 et
347 3297 547 3349 carolomannum
560 3299 636 3348 lilium
648 3313 717 3349 snum
726 3295 891 3363 erudiendum,
900 3303 924 3349 et
934 3300 1108 3350 duasabbatics
1116 3299 1228 3350 fruendas

165 3378 279 3429 dedisset.
306 3379 338 3428 V.
356 3379 467 3430 Histoire
490 3378 614 3430 litteren-e
633 3380 665 3430 dc
686 3379 714 3430 la
738 3381 847 3443 Fronde,
865 3385 884 3429 t.
916 3380 948 3444 V,
974 3397 998 3446 p.
1026 3381 1228 3440 l78.‚Quantum

166 3467 246 3508 autem
279 3458 376 3509 Carolus
404 3458 491 3509 Calvus
521 3459 551 3510 de
576 3459 722 3510 restituendo
744 3459 860 3510 Wuliado
890 3459 1042 3525 laboraverit,
1067 3466 1140 3510 testes
1163 3465 1227 3523 sunt,

165 3545 251 3604 praeter
264 3539 423 3588 Hincmarum
438 3539 470 3604 (v.
487 3539 611 3589 lliucmari
619 3539 740 3602 Annales,
756 3554 780 3588 a.
795 3542 849 3602 866,
866 3554 891 3604 p.
908 3542 963 3603 l'll,
976 3540 1043 3605 lli),
1060 3539 1109 3604 ipse
1119 3537 1227 3601 Carolus,

165 3634 206 3684 qur
218 3617 310 3683 pluries
323 3634 430 3684 superea
443 3634 516 3669 causa
527 3621 636 3669 Romano
649 3619 754 3683 pontifici
769 3620 865 3684 scripsit
876 3620 910 3684 (v.
923 3618 1001 3671 Caroli
1019 3619 1084 3680 regis
1101 3618 1228 3682 Epistolos

166 3699 201 3750 od
215 3699 359 3761 Nicolaum,
374 3714 414 3764 ap.
424 3699 538 3760 coleti,t.
552 3700 583 3762 X,
594 3715 618 3765 p.
629 3701 683 3762 294,
698 3701 744 3749 322
757 3705 781 3749 et
795 3700 860 3764 379),
876 3699 1017 3750 etNicolaus
1026 3715 1096 3764 papa,
1108 3699 1146 3748 cui
1155 3697 1229 3748 etiam

165 3793 262 3829 neeesse
275 3779 322 3829 fuit
335 3794 418 3842 regem
432 3779 577 3829 Francorum
587 3779 701 3830 clementi
714 3779 870 3842 castigatione
884 3779 1066 3845 reprehendere,
1083 3778 1147 3842 quod
1158 3776 1230 3828 'Wol-

166 3859 250 3909 ledum
273 3859 298 3907 in
320 3859 403 3909 sedern
425 3860 600 3909 Bituricensem
621 3859 718 3924 provehi
741 3875 816 3924 quam
838 3858 961 3910 celerrime
983 3858 1063 3910 vellet.
1085 3859 1116 3910 V.
1135 3857 1229 3908 Nicolai

167 3938 311 4003 Epistolam
325 3940 363 3990 ad
378 3939 499 3991 corolum
515 3939 623 3990 Calvum
638 3940 740 4003 (Migne,
754 3946 772 3989 t.
785 3941 870 4002 cxlx,
884 3954 909 4003 p.
919 3939 985 4003 ert).

197 4023 221 4070 2.
239 4019 361 4069 Hincmeri
373 4021 457 4084 Epist.
472 4020 510 4069 ad
523 4019 658 4083 Epiloncm
670 4020 804 4084 (ilignei.
821 4019 931 4083 cxxvl,
946 4033 971 4082 p.
985 4019 1037 4082 69).

199 4103 223 4152 3.
240 4100 365 4162 noenius,
380 4100 475 4149 circiter
491 4113 599 4149 mensem
620 4100 780 4164 septembrem
793 4099 850 4148 anni
869 4100 922 4158 865,
938 4114 966 4148 ex
978 4099 1077 4148 Francia
1090 4096 1230 4148 occidentali

168 4181 288 4243 proiectus
302 4185 339 4229 est
355 4180 388 4242 (v.
412 4179 534 4229 Hincmari
554 4179 675 4242 Annales,
689 4195 712 4232 a.
734 4181 793 4241 855;
808 4180 887 4240 Pertz,
903 4177 1088 4244 1,tset³·toe);
1115 4179 1157 4229 sed
1175 4194 1231 4229 cunr

168 4260 263 4323 derude,
278 4259 309 4308 ad
328 4259 471 4322 colligendos
489 4273 582 4323 census,
601 4260 625 4308 in
637 4259 748 4310 Baioaria
758 4264 783 4308 et
797 4259 821 4307 in
832 4259 972 4309 Alemannis
986 4261 1092 4310 moratus'
1104 4260 1137 4309 sit
1150 4260 1230 4324 (ibid,

170 4354 194 4403 p.
209 4341 264 4401 lsstl,
284 4345 308 4388 ct
322 4354 403 4403 supra,
414 4353 438 4403 p.
451 4341 490 4401 93,
505 4338 554 4400 95),
574 4340 674 4388 Romam
684 4338 754 4389 rediit
768 4345 869 4388 exeunte
879 4338 923 4389 boc
935 4353 1005 4403 anno,
1021 4346 1062 4391 aut
1081 4340 1177 4389 ineunte
1187 4353 1230 4388 ena
