3006 5050
498 483 661 534 etunius
681 483 922 535 oscitantius
1196 485 1244 534 ¹³9

175 625 300 696 chiadis
321 626 450 696 nullum
465 625 602 696 verbum
625 625 717 712 iecit,
740 634 793 714 ut,
818 634 947 716 eccepto
970 625 1024 694 illo
1048 625 1135 694 sedis
1162 646 1241 716 apo·

177 742 297 811 stolicae
326 743 495 830 rescripto,
529 743 688 832 episcopis
718 739 898 810 Galliamm
928 750 1043 810 utrum
1067 742 1136 809 herc
1163 740 1242 810 falsa

176 857 345 926 decretalis
365 857 401 926 in
424 859 618 928 bibliotheca
634 858 782 926 Romana
804 857 939 944 inesset,
959 877 1003 924 cn
1021 877 1101 944 non,
1118 857 1154 924 in
1169 876 1243 924 am-

175 971 279 1059 biguo
292 995 426 1061 prorsus
439 973 569 1042 luerit¹.
1069 1035 1073 1044 .

223 1085 317 1167 Quod
351 1089 485 1176 quidem
512 1089 591 1157 tales
612 1098 697 1158 artes
718 1087 851 1157 Nicolao
874 1097 1011 1178 accepte
1033 1108 1070 1158 ac
1100 1087 1244 1178 pmbate

174 1200 312 1288 fuerint,
337 1212 386 1272 est
408 1225 466 1272 cur
487 1204 638 1272 nonnihil
661 1203 879 1292 admiremur3
905 1214 1143 1291 verumtamen,
1166 1223 1242 1272 cum

175 1337 244 1385 non
262 1319 331 1406 ipse
351 1339 500 1386 summus
521 1318 662 1406 pontifex
683 1319 802 1387 scrinia
818 1320 1023 1408 armatisque
1038 1319 1244 1388 bibliothece

173 1440 389 1518 scrutaretur,
416 1432 486 1498 fieri
512 1433 617 1518 potuit
637 1441 674 1500 ut
698 1433 728 1500 ei
758 1433 951 1501 Anastasius
977 1433 1174 1520 persuaserit
1186 1433 1243 1501 de·

173 1547 311 1614 cretales
327 1547 397 1615 illas
411 1546 599 1615 Melchiadis
612 1549 776 1637 epistolas,
792 1549 826 1616 in
841 1549 1012 1636 prasentia
1027 1549 1160 1636 quidem
1176 1569 1242 1615 non

174 1681 249 1729 esse
269 1661 304 1728 in
328 1662 455 1730 archivo
474 1673 631 1749 repertas,
648 1683 740 1748 posse
760 1672 869 1731 tamen
889 1664 994 1750 magis
1016 1664 1244 1751 investigando

174 1775 331 1863 inveniri,
355 1777 493 1864 ideoque
505 1776 648 1845 studiose
662 1797 733 1846 esse
748 1778 928 1846 cavendum
943 1799 983 1846 ne
997 1779 1096 1846 tantis
1110 1788 1243 1865 tamquo

173 1891 355 1959 commodis
369 1893 592 1960 monumentis
611 1892 718 1960 omnis
731 1894 905 1960 auctoritas
928 1894 1104 1961 immatura
1118 1891 1242 1961 conles-

173 2006 269 2074 sione
290 2006 512 2094 derogaretur.
530 2006 687 2095 Sperabat
702 2009 793 2075 enim
811 2009 839 2076 is
854 2017 1013 2075 veterator
1027 2007 1094 2076 lore
1118 2018 1155 2075 ut
1174 2011 1243 2076 haec

117 2166 119 2170 ι
173 2121 305 2190 decreta
319 2122 354 2189 in
367 2143 483 2191 manus
503 2123 574 2211 ejus
588 2123 739 2210 deinceps
757 2123 917 2210 venirent,
933 2143 1032 2211 seque
1046 2133 1117 2190 tum
1132 2143 1242 2210 posse,

174 2237 212 2304 id
231 2238 317 2325 quod
336 2236 406 2326 jam
432 2238 670 2306 dissimulando
688 2239 866 2326 inceperat,
885 2239 1038 2307 audacter
1055 2237 1245 2306 mentiendo

174 2354 342 2441 perlicere.
372 2352 478 2434 Quem
493 2353 714 2442 conjecturam
733 2375 800 2422 non
823 2375 894 2422 esse
918 2354 997 2442 quid
1017 2353 1242 2440 temerarium,

175 2468 234 2536 sed
259 2478 347 2537 certa
371 2469 470 2537 inniti
495 2470 640 2557 veritate,
670 2491 707 2538 ee
733 2491 806 2555 quae
832 2478 1014 2558 sequuntur
1041 2471 1245 2538 demonstra-

174 2583 274 2651 bunt.

221 2699 265 2768 V.
278 2699 355 2767 Haec
369 2701 504 2786 quidem
518 2699 559 2768 ad
579 2699 785 2768 Wenilonem
795 2700 929 2788 epistola
943 2721 1030 2767 anno
1041 2700 1169 2767 circiter
1179 2699 1244 2768 859

173 2814 296 2902 scripte
309 2824 358 2883 est
371 2835 381 2903 3
406 2825 438 2884 at
452 2815 579 2883 duobus
595 2826 665 2902 post
684 2817 779 2884 annis
800 2817 921 2883 exstitit
934 2816 995 2882 elia
1009 2814 1150 2882 Romani
1161 2834 1244 2902 pon-

174 2930 272 2998 tificis
285 2951 361 2998 cum
376 2928 475 2998 Gallis
485 2932 662 3018 contentio,
677 2952 776 3019 quam
792 2930 887 2998 nobis
901 2931 1015 2998 ordine
1032 2951 1069 2997 ac
1083 2929 1245 2997 subtiliter

173 3045 330 3133 persequi
343 3066 424 3132 opus
438 3055 507 3134 cst3
523 3045 557 3112 in
575 3046 629 3113 illa
646 3046 736 3114 enim
752 3067 861 3134 causa,
883 3067 948 3112 nou
974 3047 1081 3113 solum
1104 3046 1245 3111 Anasta·

174 3160 295 3228 sinsin
309 3159 481 3229 manifesta
495 3160 610 3228 fraude
625 3160 892 3249 deprehenditur,
908 3181 1023 3228 verum
1038 3161 1136 3230 etiam
1151 3159 1247 3247 quid-

175 3276 377 3362 quidadhuc
388 3276 429 3343 de
443 3297 505 3344 usu
519 3275 674 3344 falsarum
696 3277 908 3345 decretalium
932 3276 968 3344 in
991 3277 1107 3344 litteris
1121 3275 1245 3348 Nicolai

175 3391 375 3480 disputatur,
392 3411 430 3460 cx
444 3393 504 3460 hac
517 3393 704 3460 narratione
721 3392 858 3484 fortasse
872 3393 1042 3460 elucescet.

210 3633 233 3681 l.
250 3632 285 3680 lix
298 3645 346 3695 que
359 3630 549 3681 dissimulatione
570 3632 614 3681 hcc
635 3632 709 3681 etism
725 3631 905 3691 concludemus,
919 3646 967 3681 non
983 3646 1036 3681 esse
1051 3636 1104 3680 tum
1120 3627 1247 3678 Anastasio

177 3709 242 3760 idem
260 3725 402 3774 persuasum
416 3711 479 3774 quod
500 3711 595 3775 deinde,
610 3711 715 3775 acceptis
730 3711 826 3761 tandem
839 3711 906 3760 lelsis
920 3710 1088 3772 decretalibus,
1104 3715 1154 3758 tam
1163 3713 1245 3757 osten*

177 3791 238 3840 tavit
255 3791 288 3854 (v.
304 3790 376 3850 inire,
391 3794 473 3855 pili
488 3794 563 3856 sqq.)‚
578 3792 702 3854 nimirum,
717 3792 778 3841 nihil
792 3807 843 3842 esse
858 3792 882 3840 in
895 3792 990 3856 scriptis
1003 3789 1245 3841 Pseudo-isidorianis

176 3869 208 3919 de
217 3871 481 3934 episcoporumjudicio
491 3871 623 3935 decretum,
638 3871 702 3936 quod
712 3887 759 3921 non
773 3879 838 3922 esset
848 3873 870 3920 in
883 3871 990 3936 epistolis
1005 3870 1125 3920 canonicis
1134 3868 1247 3918 similiter

177 3950 326 4000 institutum.
350 3952 412 4001 Nem
429 3952 487 4015 quid
510 3952 626 4001 intererat
644 3967 718 4001 unum
740 3953 812 4001 unius
831 3967 898 4016 papae
917 3951 1040 4000 decretum
1061 3955 1127 3998 tanto
1145 3949 1245 3999 artificio

177 4030 317 4093 defendere,
330 4045 373 4079 cur
387 4046 435 4080 non
444 4046 499 4080 rere
512 4031 591 4080 dicere
604 4032 717 4094 ingenue,
738 4033 758 4081 si
778 4031 877 4096 quidem
891 4031 915 4079 id
924 4030 987 4094 quod
1004 4030 1034 4079 dc
1048 4030 1166 4094 episcopis
1176 4029 1246 4092 Judin

176 4109 263 4158 cendis
276 4110 301 4158 in
320 4110 365 4159 hec
379 4110 522 4160 Melchiadis
535 4111 634 4175 epistola
650 4111 788 4160 institutum
805 4111 934 4172 serebatur,
955 4109 980 4157 in
1000 4109 1053 4158 eliis
1074 4109 1146 4158 etiem
1163 4109 1247 4158 multis

176 4189 265 4240 litteris
290 4189 424 4255 iisdemque
445 4190 590 4254 jamdudum
611 4192 713 4255 receptis
728 4191 806 4240 inesse
822 4191 961 4239 constaret?
979 4191 1063 4238 Nonne
1085 4191 1164 4255 potins
1182 4189 1244 4239 Galli

178 4270 285 4334 episcopi
307 4285 396 4332 magne
416 4271 594 4335 vituperatione
614 4271 803 4335 reprehendendi
825 4276 902 4331 erant,
929 4274 1012 4335 utpote
1036 4271 1077 4334 qui
1095 4286 1156 4321 nova
1171 4285 1245 4333 ergu-

178 4358 262 4400 mcute
276 4351 301 4400 in
317 4351 439 4402 ueteribus
453 4366 481 4402 ec
495 4351 635 4401 certissimis
651 4351 746 4412 legibus
760 4349 969 4416 expostulassent?
