2960 5052
266 458 296 506 60
409 455 664 508 anastasiani
686 457 834 508 INGENll
855 458 973 508 Patala
995 458 1187 507 lactucae

266 608 363 668 caret.
375 597 487 686 ltaque
497 598 657 666 Arsenius
670 601 791 684 legatos
803 598 1027 668 Romanorum
1039 600 1150 686 allicit,
1160 599 1332 686 conciliat,

266 713 311 781 ita
331 713 472 800 denique
495 713 579 800 agit,
605 723 641 781 ut
665 714 729 801 illi,
754 716 864 782 relicta
890 713 1059 782 Benedicti
1080 735 1195 801 causa,
1219 725 1332 802 partes

265 829 445 916 presbyteri
472 826 507 896 S.
529 827 671 897 Marcelli
699 829 872 898 cardinalis
902 839 1069 898 secuturos
1094 849 1164 898 csse
1189 830 1332 917 promit-

266 952 337 1010 lant
347 942 370 1010 Ιι

311 1058 390 1126 Erat
408 1070 516 1128 autem
540 1060 620 1128 urbs
643 1059 757 1146 Horta,
783 1060 818 1126 in
842 1069 990 1148 quatum
1010 1059 1200 1127 Anastasius
1221 1079 1330 1126 mora-

154 1173 162 1183 “
266 1174 376 1258 batur,
400 1185 529 1261 paratus
553 1176 593 1242 ad
616 1196 749 1244 ornnem
769 1186 934 1244 eventum.
965 1176 1103 1243 Hortam
1128 1175 1230 1262 igitur
1254 1195 1330 1242 mox

267 1289 443 1357 adveniunt
459 1291 550 1358 missi
565 1291 630 1358 duo
649 1290 853 1378 imperatoris
868 1291 1062 1379 Hludowici‚
1082 1289 1279 1358 Adalbertus
1298 1300 1331 1356 et

265 1403 452 1473 Bernardus
469 1405 632 1493 comites²,
647 1406 766 1492 quibus
778 1427 853 1474 cum
867 1405 1022 1492 paulatim
1036 1426 1071 1474 se
1084 1404 1332 1492 conjunxissent

267 1521 361 1588 multi
381 1518 521 1587 Romani
546 1520 603 1606 qui
623 1541 642 1587 a
664 1540 761 1588 causa
778 1519 945 1588 Benedicti
969 1516 1185 1606 deiecerant³,
1215 1539 1332 1586 omnes

266 1635 364 1702 simul
391 1633 569 1723 conjurati,
595 1635 697 1703 Horta
727 1635 866 1724 egressi,
896 1634 1036 1704 Romam
1060 1635 1330 1724 progrediuntur,

266 1750 447 1838 urbemque
468 1751 628 1818 invadunt
638 1749 661 1819 ⁴.

310 1865 395 1932 Tum
416 1845 528 1934 Rornae
549 1866 679 1934 misceri
703 1864 875 1933 contusum
899 1865 1069 1952 prelium,
1092 1864 1128 1932 in
1152 1884 1219 1950 quo
1239 1865 1333 1930 Ana-

266 1981 383 2048 stasius
397 2001 431 2049 se
442 1991 547 2049 totum
559 1981 719 2070 patefecit.
733 1981 867 2049 Duobus
879 1980 968 2048 enirn
976 1978 1158 2048 Hludowici
1171 1978 1202 2046 ll
1215 1978 1332 2064 legatis

265 2094 379 2184 batua,
402 2097 701 2165 excommunicatus
728 2097 789 2164 iste
814 2095 962 2164 sacerdos
984 2095 1153 2163 basilicam
1178 2091 1214 2162 S.
1241 2093 1332 2162 Petri

265 2211 401 2292 invadit,
422 2211 463 2278 ad
478 2211 606 2279 decreta
624 2210 745 2280 Leonis
761 2211 807 2279 lv
825 2221 937 2279 contra
955 2210 1063 2296 ipsum
1081 2209 1177 2297 lacta,
1193 2223 1334 2297 qumque¹

265 2326 302 2391 in
321 2333 414 2412 porta
436 2324 575 2394 basilicae
596 2327 776 2414 proscripta
800 2325 1005 2413 legebantur,
1028 2324 1189 2393 rectoria
1211 2323 1333 2412 tendit,

267 2459 369 2528 eaque
386 2441 456 2528 ipse
478 2443 631 2512 manibus
651 2446 770 2512 lacerat
793 2454 825 2512 et
841 2444 987 2512 incendit
997 2442 1020 2511 ⁵.
1047 2441 1161 2523 Quint
1180 2441 1217 2510 in
1233 2439 1336 2510 Libro

265 2624 413 2675 contabulari
424 2634 580 2690 oeperunt.»
598 2629 654 2679 Vita
670 2629 800 2680 Benedicti
814 2631 855 2678 ΙΙΙ
868 2630 962 2694 (viga,
974 2630 1017 2693 ΙΙΙ,
1029 2629 1092 2694 ΙΙΙ).
1107 2628 1175 2688 Quod
1189 2627 1209 2678 si
1222 2626 1333 2677 animad-

265 2707 406 2757 uerterimus
419 2723 465 2772 qua
478 2709 502 2757 in
515 2708 575 2758 urbe
589 2710 703 2760 Arsanias
714 2711 802 2771 legatis
817 2711 930 2761 Romania
943 2710 1082 2772 occurrerit,
1098 2710 1161 2758 huuc
1175 2709 1338 2773 probabiliter

266 2787 419 2850 conjiciemus
439 2802 486 2838 non
508 2791 590 2853 llorta,
612 2805 626 2839 a
646 2789 765 2839 domicilio
786 2804 837 2854 auo,
852 2790 894 2840 aed
907 2789 938 2838 ab
952 2789 1094 2854 imperatore
1118 2788 1259 2840 illudowico
1280 2795 1334 2840 turn

266 2867 380 2930 temporis
393 2869 496 2918 venisse.

298 2951 321 2997 1.
339 2947 410 3006 «Qui
431 2949 566 3012 (Arsanias)
587 2949 679 2999 callidis
697 2963 738 2998 eos
758 2949 909 2998 sermonibus
928 2947 1022 3012 liniens,
1045 2947 1118 2998 eorda
1134 2963 1218 2999 eorum
1239 2947 1336 3000 mollire

266 3026 345 3088 ooepit,
358 3026 469 3092 beatique
483 3029 616 3092 (benedicti
633 3029 678 3092 ΙΙΙ)
697 3027 837 3077 fidelitatem
849 3030 900 3091 jam
916 3027 959 3078 lati
973 3027 1154 3078 declinaverunt
1168 3028 1239 3078 electi
1254 3048 1261 3079 a
1276 3043 1333 3078 cum

268 3105 354 3168 quibus
365 3106 438 3154 etiam
454 3107 578 3157 consilium
595 3108 687 3158 studuit
705 3108 854 3170 confirmare,
868 3113 895 3156 ut
910 3106 1046 3173 depositum
1057 3107 1334 3172 anathematizatumque

266 3184 428 3246 Anastasium,
443 3186 506 3250 quod
523 3187 603 3238 divina
616 3187 750 3238 nullatenus
767 3186 922 3252 permittebat
935 3186 1071 3251 clementia,
1090 3187 1242 3252 pontificatus
1258 3185 1334 3238 intuta

267 3269 430 3328 perornarent.
444 3285 456 3310 a
474 3267 532 3316 Vita
546 3267 675 3318 Benedicti
687 3268 727 3317 ΙΙΙ
742 3267 838 3332 (Vign,
854 3268 897 3326 ΙΙΙ,
911 3267 976 3330 ΙΙΙ).

297 3346 321 3396 2.
340 3344 392 3392 uln
412 3359 465 3394 eam
488 3347 598 3411 (Hortam
618 3347 741 3412 nimirum)
755 3347 908 3409 Adelbertus,
929 3346 1225 3411 Bernardusquecomites
1237 3346 1332 3397 cuidam

267 3423 326 3473 olim
341 3423 461 3487 domnam,
474 3427 575 3476 Arsacio
591 3434 692 3488 cogente
711 3427 831 3492 episcopo,
850 3442 876 3477 ae
893 3427 1069 3489 conjunxerunt
1084 3427 1222 3492 presbytero
1236 3427 1332 3478 nomine

267 3505 401 3557 Anastasio.
414 3521 427 3552 o
440 3505 513 3568 lbid.,
528 3521 552 3570 p.
568 3508 620 3558 lte.

298 3587 322 3635 3.
341 3601 355 3632 n
369 3586 518 3650 Hortamque
539 3592 692 3651 properantes
706 3587 799 3650 urbem,
816 3585 939 3637 fidelitatis
955 3595 1141 3649 sacramentum,
1154 3585 1218 3651 quod
1229 3586 1332 3636 lacerant

266 3665 370 3717 almifico
385 3666 521 3731 Benedicto‚
548 3667 744 3732 parvipendentes
766 3668 982 3732 obliviscentesque
994 3667 1081 3731 electo,
1095 3667 1208 3716 damnato
1235 3681 1262 3716 se
1279 3680 1331 3715 ooa-

265 3746 396 3808 junrerunt
406 3746 563 3812 depositoque
577 3747 724 3811 presbytero.
737 3765 751 3795 a
769 3747 843 3812 lbid.,
857 3764 882 3814 p.
897 3751 951 3798 tta.

299 3829 324 3878 t.
343 3827 432 3880 «Urba
448 3827 534 3877 deinde
547 3833 661 3876 exeuntes
678 3828 708 3877 ab
723 3829 798 3876 Horta
812 3830 880 3892 juxta
897 3828 1021 3878 basilicam
1038 3827 1102 3878 beati
1122 3825 1204 3876 Leocii
1222 3822 1332 3892 martyria

268 3915 428 3970 pervenerunt
439 3928 463 3969 a,
474 3915 520 3959 etc.
538 3906 610 3972 lbid.,
625 3921 648 3956 c.
663 3919 739 3971 rx-xr,
751 3923 777 3971 p.
792 3911 906 3960 tls-151.

299 3988 323 4036 5·
341 3990 409 4049 «Qut
427 3989 582 4054 (Anastasius)
596 3987 726 4038 virtutibus
740 3988 884 4037 Leonianam
895 4004 951 4038 curn
966 3988 1023 4053 ipsis
1036 3987 1135 4039 Caesaris
1149 3986 1237 4049 legatis
1251 3985 1331 4047 ingre·

269 4063 337 4115 diens
359 4070 452 4136 urbem,
473 4068 640 4134 Apostolorum
661 4073 767 4132 repente,
784 4082 857 4131 quarn
884 4084 931 4118 non
951 4069 1079 4130 debuerat,
1100 4066 1219 4132 Principia
1237 4065 1332 4116 introire

268 4143 398 4212 basilicam,
417 4151 460 4200 Dei
475 4151 649 4217 parvipendens
665 4149 793 4214 judicium,
814 4148 927 4198 audacter
941 4149 1037 4198 invasit.
1057 4149 1178 4210 lmaginea
1192 4147 1258 4198 eninr
1275 4160 1331 4198 con·

269 4223 356 4285 tregit,
376 4227 474 4294 ignique
492 4231 664 4294 concremarit,
686 4235 711 4279 et
732 4226 865 4294 synodum,
887 4243 960 4292 quam
979 4243 1051 4296 supra
1069 4228 1196 4278 sanctuarii
1207 4229 1293 4293 januas
1306 4226 1330 4276 b.

268 4305 390 4354 memorie
405 4308 452 4363 Leo
467 4310 534 4373 pingi
547 4327 607 4376 papa
617 4313 731 4374 jusserat,
747 4307 873 4360 destruxit.
887 4325 899 4355 a
916 4307 987 4372 lbid,
1001 4311 1186 4374 c.x11,p.llil.
