2954 5050
279 429 324 480 212
494 433 712 494 anastasin
736 436 933 488 flaontino
960 436 1059 488 ΡΑΡΑ
1079 438 1121 501 ΙΙ,

277 571 432 642 Praxcdis
457 576 562 664 pergit
589 577 730 666 pontifex
754 580 934 666 maximus,
961 591 1074 669 atque,
1105 579 1342 650 circumstante

277 689 468 758 clericorum
505 691 730 763 Romanorum
773 717 891 764 corona
924 696 1116 784 multiplici,
1156 695 1337 766 adductum

277 804 504 895 Anastasium,
527 819 698 898 postquam
713 811 918 901 exprobravit
932 813 1032 881 tantis
1045 811 1212 882 beneficiis
1231 832 1335 899 quam

275 925 496 1014 ingratissimo
510 929 563 998 ille
573 930 696 997 abusus
713 937 808 1016 esset,
820 928 911 996 omni
926 949 1016 998 sacro
1026 928 1222 1015 ministerio,
1230 927 1337 995 donec

276 1041 498 1114 innocentiam
517 1045 554 1114 in
574 1045 710 1114 concilio
731 1045 932 1134 purgaverit,
952 1065 1067 1114 rursus
1083 1030 1194 1114 carere
1203 1042 1337 1133 jubct¹.

276 1157 396 1248 Atque,
413 1181 455 1231 na
472 1162 596 1232 interea
619 1163 813 1232 Anastasius
831 1159 980 1230 futurum
996 1161 1162 1249 judicium
1182 1172 1239 1231 aut
1257 1162 1339 1248 fuga

273 1274 461 1366 declinaret,
478 1288 535 1346 aut
548 1278 705 1347 auxilium
721 1277 808 1365 apud
819 1278 983 1366 principes
995 1287 1167 1364 quareret,
1182 1279 1278 1346 illum
1291 1276 1335 1345 ab

274 1390 364 1461 Urbe
380 1395 452 1480 plus
469 1393 683 1481 quadraginta
698 1393 833 1462 milibus
852 1392 1016 1464 discedere
1032 1402 1118 1462 vetat
1131 1394 1157 1464 ².

318 1509 364 1578 At
376 1529 414 1576 ex
425 1510 488 1577 hac
498 1518 701 1597 tempestate,
719 1529 792 1596 qum
804 1507 951 1596 quemvis
975 1506 1110 1578 forsitan
1129 1508 1233 1578 alium
1248 1508 1339 1578 radi·

274 1624 357 1692 citus
374 1625 543 1713 evellisset,
560 1625 755 1694 Anastasius
777 1645 845 1693 non
863 1625 969 1693 solum
991 1624 1125 1692 ruinam
1144 1633 1338 1713 perpetuam

274 1761 341 1809 non
364 1761 477 1827 passus
498 1751 559 1828 est,
580 1741 637 1809 sed
658 1741 913 1810 fundamentum
936 1761 1027 1809 novae
1055 1751 1152 1828 atque
1180 1740 1338 1809 firmioris

271 1855 410 1924 fortunae
433 1856 543 1944 duxit3
565 1876 625 1924 nec
646 1856 737 1926 enim
759 1855 959 1941 Hadrianus,
975 1876 1052 1924 cum
1073 1856 1141 1926 baec
1154 1857 1196 1924 de
1209 1856 1341 1924 istobi·

272 1968 481 2042 bliotbecario
494 1973 696 2059 decerneret,
709 1972 864 2061 opinione
882 1981 1078 2060 praeceperat
1091 1991 1126 2040 se
1139 1972 1232 2042 brevi
1245 1980 1336 2041 tem-

270 2108 349 2176 pore
361 2087 514 2157 eumdem
528 2088 563 2154 in
576 2087 750 2174 antiquum
761 2087 869 2154 locum
880 2085 996 2173 gratiae
1009 2095 1042 2154 et
1054 2086 1204 2174 dignitati
1209 2108 1223 2156 a
1241 2089 1340 2156 resti-

271 2212 433 2272 tutorum.
445 2203 488 2271 lit
499 2203 701 2291 quidemboc
711 2202 782 2291 jam
796 2201 916 2271 iactum
928 2223 999 2272 esse
1011 2211 1150 2271 exeunte
1160 2224 1247 2272 anno
1254 2202 1335 2292 869,

270 2317 353 2385 nihil
364 2318 462 2386 habet
475 2317 701 2406 dubitationis,
717 2338 794 2387 cum
806 2317 847 2386 ab
859 2338 897 2387 eo
913 2328 1058 2406 tempore
1071 2326 1149 2388 etse
1163 2319 1235 2408 ipsc
1247 2320 1339 2387 Ana-

271 2432 401 2519 stasius,
417 2441 449 2500 et
467 2432 680 2502 Anastasium
705 2431 759 2501 alii
782 2433 920 2520 aequalcs
935 2434 1107 2521 scriptores
1122 2433 1336 2503 bibliotheca-

270 2546 358 2614 rium
386 2548 470 2616 sedis
500 2548 680 2636 apostolicae
705 2570 818 2618 rursus
839 2547 1044 2619 nominent³.
1067 2548 1161 2618 Adde
1185 2549 1273 2637 quod
1296 2569 1337 2618 ex

300 2789 323 2837 i.
342 2786 460 2838 «ntideo
476 2803 518 2853 pro
538 2789 576 2838 bis
591 2788 703 2839 omnibus
717 2793 743 2838 st
754 2802 798 2852 pro
813 2787 867 2838 aliis
879 2786 970 2852 mulda
989 2788 1077 2854 quibus
1094 2787 1221 2839 ecclesiam
1232 2789 1333 2841 Domini

269 2867 370 2931 perculit
380 2873 453 2933 atque
466 2869 533 2931 lusit,
551 2884 625 2934 quam
639 2869 712 2919 etiam
724 2867 840 2919 subdolis
854 2868 1089 2919 machinationibus
1101 2868 1219 2920 hactenus
1233 2870 1334 2920 tundam

269 2962 316 2997 non
332 2949 455 2999 desistit...
472 2949 557 3013 judicii
575 2949 652 2999 nostri
668 2949 786 2999 sententis
805 2950 935 3013 sancimus,
956 2947 1024 2998 illum
1043 2950 1155 3000 cumdem
1172 2950 1331 3000 Anastasium

269 3043 321 3078 essa
331 3030 471 3092 tenendum,
490 3030 691 3095 quemadmodum
707 3031 737 3080 de
757 3044 785 3079 eo
804 3029 878 3080 iidem
898 3029 979 3079 domni
998 3029 1122 3093 pontifices
1140 3031 1190 3080 Leo
1208 3036 1234 3081 et
1252 3033 1332 3082 Bena-

268 3107 347 3157 dictus
365 3108 513 3159 sollemniter
526 3115 551 3160 et
568 3109 680 3175 synodice
694 3115 838 3171 statuerunt,
854 3109 915 3159 nihil
930 3109 955 3158 in
969 3110 1022 3173 cius
1036 3110 1191 3162 anathemata
1209 3110 1248 3160 rel
1261 3124 1333 3160 causa

268 3187 364 3252 penitus
383 3188 541 3252 adjungentes
558 3189 598 3240 rel
615 3191 760 3255 minuentes,
778 3190 824 3238 nisi
848 3195 875 3240 ut
897 3191 962 3240 omni
983 3191 1151 3240 communione
1170 3190 1333 3241 ecclesiastica

266 3268 374 3332 privatus
389 3269 483 3332 existat,
497 3268 572 3320 donec
585 3269 615 3320 de
629 3271 739 3321 omnibus
753 3270 841 3335 quibam
855 3270 981 3336 impetitur
994 3270 1064 3320 nobis
1081 3285 1163 3321 coram
1181 3270 1272 3336 synodo
1292 3285 1334 3320 ra·

267 3350 357 3399 tionem
367 3355 451 3414 ponat;
463 3355 489 3399 et
499 3351 541 3414 qui
558 3364 613 3400 cum
625 3365 653 3400 eo
668 3351 692 3399 in
705 3349 834 3413 locutione,
849 3350 903 3399 cibo
916 3349 956 3400 rel
968 3358 1026 3415 potu
1041 3352 1264 3415 communicaverit,
1282 3351 1334 3416 pati

267 3429 509 3481 excommunicatione
523 3445 578 3479 cum
596 3445 624 3481 eo
643 3436 754 3481 teneatur
774 3445 910 3481 annexus.»
933 3431 1047 3480 Hadriani
1062 3433 1085 3482 il
1102 3433 1236 3482 Decretum
1256 3431 1333 3481 latum

269 3529 282 3559 n
296 3511 320 3560 in
337 3516 465 3574 conspectu
477 3511 550 3560 totius
560 3516 646 3561 sanctu
659 3512 772 3561 Romans
786 3509 891 3560 ecclesia
906 3516 962 3560 ante
975 3511 1040 3560 hunc
1051 3511 1163 3562 eumdem
1174 3511 1333 3563 Anmtmium

234 3589 236 3598 ’
266 3591 331 3658 apud
347 3592 459 3641 Sanctam
477 3591 609 3641 Praredem
626 3591 741 3655 positum,
763 3605 826 3642 anno
843 3590 996 3656 pontificatus
1014 3591 1097 3641 domni
1112 3591 1223 3654 Adriani,
1243 3591 1332 3640 summi

266 3671 384 3737 pontificis
394 3678 419 3722 et
427 3671 565 3722 universalis
575 3686 643 3737 papa
655 3671 740 3735 primo,
753 3686 798 3736 per
809 3673 823 3722 4
835 3670 890 3722 idus
901 3671 1022 3736 Octobris,
1034 3670 1164 3723 indictione
1176 3674 1226 3722 2.»
1241 3670 1330 3735 (Perta,

266 3751 289 3815 l,
303 3751 372 3818 its.)

296 3836 321 3884 2.
339 3832 402 3885 ibid.

295 3915 320 3964 3.
337 3915 388 3964 lioc
402 3913 466 3965 enim
480 3926 541 3962 anno
555 3915 664 3977 exeunte,
685 3909 825 3962 Anastasius
846 3911 998 3977 imperatoris
1010 3911 1103 3974 legatus
1117 3911 1263 3977 Byzantium
1274 3925 1330 3976 pro·

267 3994 342 4045 lectus
356 4000 392 4044 est
405 3995 438 4059 (r.
451 3993 521 4058 inira,
536 4008 561 4059 p.
574 3992 630 4057 ets)
635 4005 644 4054 3
658 3990 688 4041 de
701 4006 749 4056 qus
762 3990 885 4053 legatione
898 3991 933 4042 sio
949 3993 1001 4056 ipse
1015 3991 1112 4056 scripsit
1126 4006 1133 4042 ι
1149 3992 1268 4044 «Verum
1283 4006 1330 4054 ego

266 4074 306 4138 qui
323 4076 434 4124 Romanas
452 4073 605 4123 bibliotheca
625 4086 708 4122 curam
729 4071 855 4133 gerebam,
869 4072 978 4123 studium
994 4071 1068 4122 habui
1090 4086 1105 4122 a
1121 4070 1329 4136 Constantinopoli

266 4167 361 4204 mecum
377 4155 450 4218 ipsius
466 4154 548 4220 synodi
562 4153 668 4204 codicem
684 4151 840 4204 deierandi.»
857 4153 978 4204 Anmtssii
991 4153 1066 4204 Nota
1081 4152 1108 4202 in
1123 4153 1253 4215 synodum
1270 4150 1331 4204 Vlll

266 4231 367 4298 (illisne,
381 4239 402 4286 t.
419 4236 527 4300 CXXIX,
542 4250 566 4299 p.
579 4234 630 4298 ³9).
644 4233 682 4284 Gi.
696 4233 761 4284 Arta
776 4231 869 4296 synodi
890 4232 955 4296 Vlll,
969 4233 1051 4284 arax
1065 4231 1146 4297 (ibid,
1159 4245 1184 4296 p.
1202 4232 1288 4296 11811),
1303 4235 1331 4282 α

270 4314 353 4364 Vitam
361 4314 494 4364 Hadriani
504 4316 538 4378 11,
552 4325 653 4377 c.11.11‚
668 4327 694 4380 p.
708 4315 763 4376 213,
778 4313 823 4363 211
828 4326 838 4375 ;
850 4326 874 4362 c.
889 4323 950 4377 ην,
965 4327 991 4377 p.
1005 4313 1062 4364 215.
