3006 5050
438 466 482 516 ΕΤ
507 466 726 518 conposuit
749 465 793 516 ΕΤ
818 465 1001 516 utetnvtr
1207 470 1250 518 ttt

189 609 271 678 nodi
293 606 414 695 codiee,
432 607 502 676 sive
524 630 599 700 qna
622 606 658 676 in
683 607 759 676 aliis
785 606 1008 676 voluminibus
1030 607 1251 698 continentur,

190 748 250 816 epo
273 722 412 792 summis
434 722 651 815 pontificibus
688 721 926 812 obsecundans,
961 721 1119 792 decessori
1135 725 1254 793 scilicet

190 853 296 908 oestro
317 861 356 907 ac
375 838 465 908 vobis
487 840 672 928 (alloquitur
691 840 782 908 enim
796 839 1016 928 Hadrianum,
1038 839 1163 908 Nicolai
1179 861 1254 908 suc·

191 953 383 1043 cessorem),
408 953 558 1045 eaposai,
584 966 615 1022 et
636 952 849 1045 postmodnm
883 953 1175 1044 Constantinopoli
1187 975 1255 1046 pro

188 1069 352 1162 praedicta
367 1091 468 1138 cansa
480 1080 641 1161 repertus,
655 1091 724 1136 non
738 1091 851 1160 pauca
871 1069 908 1137 in
922 1069 973 1138 Itis
986 1068 1099 1138 cestris
1112 1069 1177 1140 loci
1187 1093 1256 1139 ser-

191 1187 374 1275 vatoribus,
400 1198 441 1256 nt
458 1187 525 1278 ipsi
537 1207 665 1278 qnoque
684 1197 855 1272 testantur,
881 1186 1003 1255 solatia
1020 1188 1173 1278 praestiti,
1198 1189 1258 1279 qai

192 1303 296 1372 etiarn
318 1301 460 1370 diversos
478 1313 611 1370 mennas
633 1300 855 1389 considerans,
884 1313 975 1392 qesta
999 1301 1100 1392 bajas
1122 1303 1255 1394 synodi,

191 1441 268 1512 qnae
281 1416 469 1510 apostolicae
485 1415 570 1486 sedis
589 1417 653 1486 loci
668 1428 845 1485 servatores
871 1417 908 1484 in
928 1439 996 1484 nno
1015 1417 1183 1486 volamine
1208 1441 1257 1488 se·

192 1557 269 1602 cane
281 1533 451 1625 portaturi
467 1532 739 1624 conscripserant,
755 1532 792 1600 in
806 1531 909 1600 altero
930 1530 1038 1602 codice
1056 1533 1258 1626 transcripta

191 1655 334 1719 Romam
348 1669 450 1740 usqne
464 1646 594 1739 deferre
610 1647 772 1740 proposui
779 1648 801 1717 ¹.
816 1671 833 1713 a

240 1763 369 1834 Audis?
388 1763 467 1845 Quae
482 1764 585 1833 ferme
603 1765 714 1832 omnia
731 1763 772 1831 ab
796 1764 968 1851 apostolica
996 1764 1084 1851 sede,
1104 1767 1138 1834 in
1161 1787 1258 1834 causa

193 1880 320 1967 Photii,
361 1881 483 1966 prolatu
519 1889 614 1965 sunt,
652 1899 725 1966 quse
756 1879 872 1948 litterae
910 1900 1069 1966 paparum
1101 1891 1134 1949 et
1169 1880 1259 1948 Actis

194 1995 326 2064 aoncilii
353 1994 433 2064 Vlll
461 2003 493 2062 et
514 1994 584 2062 aliis
613 1993 835 2062 voluminibus
857 1994 1079 2082 continentur,
1100 1997 1167 2064 hac
1188 1995 1259 2084 ipse

194 2113 391 2181 Anastasius
409 2133 475 2180 non
496 2114 600 2180 solum
627 2112 739 2181 sedulo
758 2112 900 2201 scripsit,
925 2112 1100 2181 sedetiam
1121 2113 1260 2182 summis

195 2228 405 2316 pontificibus
431 2227 613 2316 proposuit3
637 2237 675 2295 ut
697 2229 755 2296 has
781 2227 904 2298 litteras
933 2229 1094 2316 appellare
1117 2229 1260 2316 potuerit

201 2369 221 2410 a
236 2366 332 2413 suum
365 2344 522 2431 laborem,
546 2343 671 2412 semina
697 2365 756 2412 sua
783 2345 957 2413 verborum
972 2368 1005 2413 n.
1029 2344 1076 2412 Ex
1097 2365 1162 2432 quo
1185 2366 1260 2432 per·

197 2461 334 2548 spiritur
348 2460 572 2546 Anastasium,
595 2458 631 2526 in
652 2459 884 2546 componendis
909 2459 1033 2529 Nicolai
1051 2470 1083 2528 et
1102 2460 1260 2528 Hadriani

197 2573 355 2661 epistolis,
382 2594 450 2640 non
476 2572 569 2640 illum
597 2593 832 2641 amanuensem
856 2573 968 2661 fnisse,
997 2575 1054 2662 qui
1078 2575 1197 2642 dictata
1221 2573 1260 2642 ad

196 2687 336 2757 verbum
352 2687 593 2775 transcriberet,
608 2687 664 2755 sed
677 2687 706 2756 ei
720 2688 908 2757 tribuantur
922 2709 1052 2758 necesse
1061 2700 1109 2756 est
1121 2699 1153 2758 et
1164 2709 1262 2774 urgu-

199 2813 325 2890 menta,
336 2812 368 2872 et
378 2801 559 2890 sententia,
571 2811 604 2870 et
612 2803 727 2890 stylus,
740 2810 805 2871 tota
819 2801 885 2872 iere
901 2824 1011 2872 rerum
1024 2803 1262 2890 verborumque

197 2918 404 3007 compositio.

245 3033 312 3102 Nec
326 3031 417 3102 enim
435 3033 489 3102 ille
507 3032 671 3120 putandus
692 3042 752 3117 est,
775 3053 852 3102 eum
869 3035 935 3102 baec
958 3033 1169 3116 renuntiavit,
1192 3035 1263 3121 glo·

198 3149 320 3218 riosius
337 3148 377 3216 de
400 3168 434 3216 se
457 3148 645 3235 praedicasse
662 3168 672 3217 ι
687 3150 767 3235 bno,
790 3149 861 3218 vivo
885 3148 1051 3216 Hadriano
1071 3169 1166 3238 papa,
1187 3169 1265 3237 pro·

197 3263 306 3332 fessus
323 3272 384 3350 est,
400 3265 467 3331 haec
483 3262 523 3331 ad
540 3263 648 3350 ipsum
672 3263 889 3348 Hadrianum,
904 3265 972 3332 brea
994 3263 1035 3332 de
1057 3266 1172 3334 litteris
1187 3286 1261 3332 cum

198 3376 321 3445 Nicolai
345 3373 373 3462 1,
392 3385 462 3442 tum
479 3374 582 3463 ipsius
603 3373 762 3442 Hadriani
777 3372 821 3460 II,
836 3374 889 3442 cui
905 3395 995 3462 sane,
1016 3377 1044 3444 si
1070 3377 1264 3444 Anastasius

199 3490 360 3558 mentitus
379 3498 464 3556 esset
489 3498 546 3556 aut
561 3489 675 3556 elatius
693 3489 837 3575 dixisset,
861 3487 994 3557 obvium
1015 3483 1265 3577 proximumque

198 3618 274 3674 erat
287 3606 478 3674 mendacem
492 3605 661 3672 hominem
675 3613 731 3672 aut
746 3603 927 3691 superbum
943 3605 1130 3673 retundere.

248 3722 308 3791 IV.
327 3721 391 3790 Sed
405 3721 540 3789 fortasse
562 3721 679 3790 dixerit
700 3721 863 3808 quispiam
879 3720 949 3810 jam
964 3723 1101 3808 planum
1115 3721 1185 3789 fieri
1209 3720 1266 3787 Ni-

198 3838 284 3908 eolai
305 3837 345 3907 de
371 3836 471 3906 rebus
487 3835 678 3925 Byzantinis
698 3836 821 3904 litteras
838 3836 878 3904 ab
893 3837 1068 3905 Anastasio
1089 3856 1160 3905 esse
1176 3857 1266 3905 com-

199 3953 337 4044 positas,
352 3952 386 4019 id
399 3962 509 4022 autem
521 3971 588 4019 non
601 3971 695 4039 posse
715 3951 754 4020 de
768 3952 883 4021 ceteris
901 3951 1069 4022 affirmari.

236 4167 260 4214 t.
278 4163 400 4214 Anastasii
413 4163 536 4226 Praefatio
553 4163 580 4212 in
599 4161 733 4226 Synodnm
751 4164 866 4213 octauam
886 4162 989 4226 (aigne,
1011 4167 1032 4212 t.
1053 4163 1162 4228 CXXIX,
1177 4178 1202 4229 p.
1219 4164 1268 4230 tl),

199 4259 259 4310 qun
273 4244 412 4294 inscribitur
425 4259 432 4293 :
449 4243 573 4296 aDomiao
585 4248 667 4292 sancto
681 4247 707 4294 el
720 4242 855 4304 coangelico
867 4242 934 4292 Patri
947 4244 1045 4293 Petrum
1060 4244 1164 4294 Adriano
1176 4260 1269 4296 summo

200 4325 317 4376 Pontifici
327 4330 354 4374 et
365 4323 492 4375 universali
503 4325 606 4388 Papa»,
621 4329 668 4376 ote.

1132 4418 1145 4464 8
