2954 5050
437 459 440 463 ·
515 429 689 492 nortona
716 429 831 496 vanna
1160 429 1206 480 22³

136 572 237 642 stasio
260 572 506 643 bibliothecario
529 584 713 661 atquecutn
737 571 891 640 Zacharia
904 571 1098 658 Anagnino,
1113 592 1206 646 corn-

137 689 333 768 munionem
357 689 622 775 eoolesiasticant‚
647 708 705 781 per
733 689 839 778 ipsam
862 687 952 768 illarn
979 687 1116 766 missam
1142 707 1207 783 qua
1262 669 1265 674 ⁵

140 803 329 874 Hadrianus
346 805 513 873 ordinatus
529 814 590 888 est,
612 803 772 894 recepit¹3
799 811 837 880 ut
850 804 896 880 sic
915 801 1052 878 Arsenii
1072 801 1138 871 filio
1157 802 1209 873 in·

139 930 274 1007 gratum
293 922 372 998 illud
399 917 568 1009 acciderit,
588 929 626 988 ut
650 920 685 988 in
706 921 765 988 hac
784 920 990 992 restitutione
1015 917 1208 998 sacerdotali

139 1037 324 1106 invisorum
337 1037 508 1113 hominum
519 1036 712 1122 contagione
725 1036 910 1104 laederetur.

185 1152 262 1228 Haec
277 1151 411 1246 quidem
426 1151 591 1222 Anastasii
607 1150 726 1238 gaudio
742 1150 866 1239 aliquid
887 1151 980 1222 triste
995 1151 1207 1240 miscuerant,

140 1277 173 1334 at
187 1267 270 1337 nihil
282 1276 351 1342 erat
360 1267 527 1343 molestius
537 1286 637 1354 quam
647 1265 733 1354 qnod
748 1286 767 1333 a
781 1265 1067 1353 NicolaiipianiciS,
1081 1265 1209 1344 favente

139 1382 349 1470 imperatore,
371 1383 478 1472 parari
492 1381 668 1458 terebatur.
688 1381 782 1462 Quod
800 1382 828 1450 si
847 1381 901 1458 isti
920 1384 982 1452 boc
1001 1382 1064 1458 sibi
1081 1392 1210 1450 tautum

139 1500 330 1575 statuissent
353 1507 390 1567 ut
413 1499 453 1580 de
478 1499 601 1580 Nicolai
630 1497 801 1582 sententiis
826 1496 949 1586 aliquid
983 1497 1209 1588 derogaretur,

139 1615 348 1706 Anastasius,
367 1636 558 1704 quanquam
581 1615 712 1694 illarum
734 1613 872 1709 scriptor
901 1612 1019 1705 luerat,
1042 1614 1075 1696 id
1101 1625 1211 1692 tanteu

138 1729 276 1800 tortasse
304 1752 371 1798 non
393 1732 521 1806 tulisset
541 1731 679 1819 aegrius3
706 1731 775 1828 ipse
797 1730 887 1814 enirn
912 1739 1022 1828 postea
1051 1751 1151 1824 quarn
1175 1749 1209 1801 sc

141 1869 304 1936 propenso
319 1848 428 1914 animo
443 1849 559 1915 talium
575 1847 779 1934 inceptorum
790 1847 954 1930 comitem,
967 1857 1099 1936 propter
1111 1867 1209 1914 suum

142 1964 313 2052 proprium
328 1964 601 2050 emolumentum,
619 1962 814 2052 adjunxerit,
834 1982 894 2030 nos
909 1961 1070 2050 deinceps
1089 1961 1211 2030 videbi·

143 2102 230 2154 mus.
249 2082 293 2154 at
307 2079 430 2154 blionlai
444 2079 571 2154 decreta
586 2100 653 2157 non
668 2079 764 2148 modo
779 2087 902 2152 mutata
921 2098 1005 2165 esse,
1022 2078 1080 2147 sed
1096 2087 1207 2156 notata

144 2196 313 2300 deletaque
327 2193 511 2296 volebant²,
525 2204 557 2263 et
574 2198 634 2262 hoc
653 2214 727 2262 eam
746 2193 787 2261 ob
805 2215 937 2262 causam
956 2192 1051 2288 cujus
1074 2192 1210 2268 infamia

143 2310 180 2379 in
203 2311 312 2398 ipsura
338 2310 552 2390 Anastasiurn
575 2331 694 2396 magna
723 2329 759 2380 er
783 2321 874 2397 parte
895 2309 1107 2388 redundaret.
1138 2308 1212 2381 Non

144 2427 251 2494 solnm
271 2427 361 2493 enim
377 2447 414 2494 ex
435 2426 558 2494 Nicolai
579 2427 677 2493 rebus
691 2425 804 2513 gestis,
820 2446 935 2494 verum
956 2445 994 2494 er
1016 2426 1057 2494 iis
1072 2425 1213 2510 manime

143 2562 216 2631 quae
240 2551 332 2626 erant
353 2541 424 2629 ejus
446 2543 580 2622 nornine
599 2541 730 2631 scripta,
745 2542 918 2618 accusandi
933 2564 1032 2619 causa
1046 2542 1212 2633 quaereba-

141 2668 210 2746 tur,
225 2679 328 2746 eoque
347 2667 481 2730 venturu
505 2669 573 2726 erat
593 2658 684 2725 utin
704 2657 767 2724 illis
785 2667 971 2728 commenta
996 2661 1146 2728 heretica
1160 2678 1214 2725 ra-

142 2774 424 2861 prehenderentur
434 2771 457 2865 ³3
491 2794 563 2864 quae
586 2772 746 2855 accusatio
771 2782 803 2840 et
826 2774 919 2874 plaga
939 2774 979 2857 ad
999 2773 1212 2851 Anastasium

176 2946 199 2993 l.
215 2944 247 2993 V.
262 2941 345 2992 Vitam
355 2941 483 2992 Hadriani
494 2943 529 3004 ll,
540 2957 562 2994 c.
573 2953 591 3006 tp
601 2941 652 3006 (cit.
664 2955 744 3004 supra,
755 2956 779 3013 p.
791 2943 814 3002 6,
824 2955 849 2994 n.
858 2942 894 3006 6).
904 2940 1060 3002 Theutgaudo
1071 2939 1207 2989 Hadrianus

144 3024 217 3074 etiam
233 3023 348 3073 concessit
364 3029 391 3073 ut
405 3023 430 3071 in
439 3011 582 3072 monasterio
598 3023 624 3072 S.
635 3007 745 3083 Gregorii
757 3020 787 3070 ad
801 3021 889 3078 olivaro
905 3022 990 3078 Scauri
1002 3021 1111 3070 habitare
1123 3025 1212 3084 posset.

144 3105 176 3156 V.
186 3103 301 3152 iohannis
315 3102 407 3152 diaconi
425 3103 509 3153 Vitam
525 3102 644 3166 Gceporit
661 3101 710 3166 M,
724 3100 741 3149 l.
759 3116 792 3166 c.,
804 3116 829 3166 p.
845 3105 902 3152 23¹1.
922 3102 971 3152 Sed
986 3101 1005 3150 si
1021 3101 1151 3168 quaerimus
1171 3113 1214 3148 cur

145 3183 292 3234 Guntharlus
312 3182 422 3232 eamdem
441 3182 616 3244 indulgentiam
635 3195 681 3231 non
701 3183 784 3231 statim
802 3181 941 3244 obtinuerit,
961 3169 1102 3232 nauseasse
1120 3179 1216 3230 ridetur

146 3265 196 3314 siae
210 3264 268 3328 quia
281 3263 306 3311 in
320 3277 347 3312 eo
368 3262 439 3326 culpa
456 3264 532 3326 major
548 3268 599 3324 erat
619 3264 652 3322 (a.
668 3261 792 3322 Hincmari
810 3261 932 3326 Annales,
945 3277 969 3312 a.
984 3264 1038 3324 864,
1054 3278 1078 3326 p.
1094 3263 1158 3325 465),
1175 3265 1215 3310 aot

145 3344 207 3410 quod
219 3342 408 3393 satisfactionem
415 3341 471 3392 dare
481 3342 604 3393 noluisset.
618 3342 677 3400 Qua
689 3345 716 3390 ut
727 3340 783 3390 data
797 3347 833 3390 est
845 3358 867 3392 a.
878 3344 933 3405 869,
945 3341 1091 3392 Guntharius
1105 3355 1214 3389 mmmc-

144 3427 241 3475 nionem
267 3423 330 3472 luter
352 3420 424 3470 laicos
445 3423 475 3471 ab
502 3422 621 3486 Hadriano
646 3421 740 3485 accepit
757 3421 793 3484 (t.
817 3421 939 3472 Hincmari
960 3421 1082 3488 donatae,
1107 3437 1130 3471 a.
1159 3422 1213 3482 869,

143 3521 169 3570 p,
189 3502 283 3567 tat-2).
302 3502 454 3562 Quinetiam
468 3501 691 3551 olimostendebam
712 3501 833 3550 Hadriano
852 3517 918 3566 papae
940 3503 1001 3552 hanc
1018 3509 1125 3552 mentem
1143 3500 1216 3549 luisse

143 3584 338 3636 utGuntharium
345 3583 546 3632 etZacbariamin
553 3580 712 3648 episcopalem
723 3580 868 3644 dignitatem
877 3585 1015 3633 restitueret
1024 3584 1057 3647 (a.
1066 3581 1185 3632 Hadrien
1192 3579 1218 3630 H

141 3671 167 3717 et
184 3667 220 3717 les
236 3665 335 3729 scusses
354 3664 504 3729 decretales,
518 3678 545 3727 pc
560 3662 659 3726 21-22);
673 3661 738 3725 quod
756 3668 820 3712 certe
833 3663 863 3713 de
882 3665 997 3714 Zacharia
1011 3663 1095 3713 deinde
1115 3661 1215 3726 perfecit

142 3749 174 3812 (a.
190 3747 224 3796 Le
234 3759 302 3810 pape
316 3744 445 3807 Fortunae,
463 3759 488 3809 p.
498 3734 601 3807 'tet-l).

173 3830 198 3877 2.
218 3819 272 3874 α’...
286 3825 338 3887 ejus
351 3829 405 3874 acta
415 3823 510 3888 penitus
523 3824 654 3885 intringere
668 3823 838 3874 nitebantur.»
860 3813 918 3875 Vtta
932 3824 1058 3875 Hadriaci
1069 3823 1103 3887 ΙΙ,
1116 3836 1138 3872 c.
1151 3825 1207 3881 xlv,

145 3908 240 3972 pena.

175 3990 200 4037 3.
219 3987 299 4045 Quam
312 3986 512 4050 conspirationem
532 3985 613 4035 rideas
634 3984 752 4048 quomodo
775 3987 915 4044 Anastasius
939 3985 1123 4044 denuntiaverit,
1138 3997 1211 4047 quam

145 4081 228 4118 severe
247 4065 292 4115 iste
309 4064 367 4115 olim
380 4071 418 4116 ter
432 4073 564 4131 quaterque
587 4065 807 4114 excommunicatus
832 4066 861 4115 do
883 4067 936 4117 allis
956 4065 1166 4116 excommunicatis
1186 4062 1217 4112 sit

145 4149 239 4200 locutus
254 4163 262 4197 a
278 4160 292 4193 o
306 4145 398 4196 Verum
417 4162 490 4208 nunc,
505 4147 548 4210 ait,
561 4144 717 4207 congregatio
735 4145 823 4208 omnis,
836 4160 896 4211 quos
916 4146 956 4196 ille
977 4144 1107 4220 (Nicolaus)
1122 4143 1161 4193 vel
1174 4158 1217 4209 pro

146 4230 242 4279 diverso
256 4225 366 4294 adulterii
381 4241 477 4291 genere,
493 4226 530 4277 vel
543 4242 585 4292 pro
596 4224 648 4276 aliis
666 4224 806 4275 criminibus
821 4225 954 4290 redarguit,
968 4226 998 4277 ad
1012 4227 1056 4276 hoc
1070 4230 1216 4294 exarserunt,

148 4316 175 4360 ut
187 4309 302 4360 universa
315 4308 367 4389 ejus
382 4321 452 4372 opera
464 4306 585 4359 destruere
604 4313 629 4357 et
648 4308 738 4368 cuncta
757 4305 855 4370 scripta
869 4308 952 4380 delere
964 4307 1078 4360 meditari
1096 4321 1143 4358 non
1164 4320 1217 4376 me-
