3006 5050
166 505 169 513 .
264 452 315 511 1⁰2¹
464 459 700 511 Anastasius
723 461 879 538 nlcoltl
903 462 912 510 Ι
936 463 1122 513 LITTERAS

265 621 324 671 nec
346 599 640 690 bibliothecarius¹,
667 623 855 691 quanquam
882 604 949 672 veri
972 605 1078 674 simile
1098 614 1147 674 est
1161 608 1245 676 hanc
1277 608 1327 676 illi

264 717 373 784 datam
392 735 462 783 esse
485 715 658 803 aliquando
679 717 891 804 provinciam,
913 727 1023 787 tamen
1044 730 1120 789 nota
1145 741 1198 790 res
1219 731 1329 791 astae

264 830 413 920 pluribus
431 831 654 900 monumentis
677 833 898 921 comprobata,
910 832 1108 922 jamdudum
1128 837 1238 904 solitos
1255 857 1327 906 esse

263 966 364 1034 papas
384 946 424 1013 ad
444 945 477 1013 id
491 945 540 1014 uti
553 947 664 1034 aliquo
674 946 833 1036 adjutore,
857 949 924 1017 sive
941 949 1071 1032 abbate,
1094 951 1160 1019 sive
1176 950 1326 1040 diacono,

264 1070 320 1128 aut
333 1060 446 1146 siquis
460 1061 542 1129 alius
555 1062 719 1131 videretur
732 1063 880 1132 idoneus.

308 1176 453 1264 Nam‚ut
460 1178 881 1264 exemplatantumaseculo
891 1188 979 1248 sento
988 1181 1029 1248 ad
1039 1200 1162 1248 nonum
1174 1181 1326 1271 referam,

264 1292 338 1379 init,
354 1292 499 1360 Honorio
510 1313 592 1380 papa
604 1292 635 1381 1,
649 1293 829 1382 lohannes,
844 1295 945 1363 abbas
957 1294 1167 1383 Romanus‚a
1181 1319 1247 1385 quo
1261 1297 1329 1367 dio·

264 1416 347 1475 tatas
359 1427 429 1476 esse
449 1417 573 1476 constat
591 1408 732 1477 famosas
746 1409 817 1477 illas
833 1409 1053 1498 litterasque,
1072 1423 1205 1498 propter
1225 1415 1327 1482 haere·

266 1523 329 1590 sim
342 1523 604 1592 monothelistam
630 1524 742 1612 ineis,
757 1533 795 1592 ut
814 1525 1001 1612 putabatur,
1017 1526 1231 1613 propositam,
1249 1549 1326 1596 ana·

265 1641 409 1707 themata
421 1639 549 1707 concilii
563 1640 643 1708 sexti
655 1640 692 1707 in
707 1640 815 1725 ipsum
835 1640 1273 1733 Honorium'concitarunt&

311 1753 427 1823 Seculo
442 1765 551 1824 antem
567 1764 690 1842 octavo,
705 1755 868 1825 Zacharia
884 1756 1002 1844 papal
1023 1757 1175 1844 epistolas
1199 1778 1329 1844 compo·

267 1879 377 1938 suerat
391 1869 597 1958 flammulas,
613 1871 755 1939 ecclesiae
768 1871 925 1940 Romana
936 1870 1103 1959 diaconus,
1115 1873 1173 1960 qui
1185 1874 1247 1941 hoc
1260 1873 1330 1961 ipse

266 1985 413 2054 scribens
433 1984 473 2053 ad
491 1983 705 2072 Bonifatium,
721 1985 999 2075 archiepiscopum
1018 1986 1266 2076 Mogontinum,
1279 1989 1329 2056 di-

267 2101 444 2171 sertissime
455 2099 617 2189 professus
633 2101 731 2169 estin
745 2102 834 2169 hunc
848 2102 1003 2171 modum:
1018 2103 1108 2189 «Εα,
1120 2102 1242 2191 inquit,
1257 2125 1329 2194 qaae

267 2213 390 2282 damno
407 2215 582 2306 apostolico
600 2214 784 2306 (Zachariae
795 2215 830 2304 Ι)
850 2216 1088 2307 sappessistis³‚
1102 2238 1163 2306 per
1177 2239 1238 2284 nos
1252 2229 1329 2284 suat

266 2343 416 2420 suscepta
430 2340 460 2397 et
466 2328 616 2397 adunata
632 2341 730 2421 atque
745 2331 874 2400 relecta.
895 2334 943 2400 Et
955 2354 1015 2398 nos
1029 2354 1068 2398 aa
1079 2343 1328 2422 pertractantes,

168 2502 172 2510 .
268 2445 382 2512 omnia
404 2446 540 2535 scripta,
562 2469 638 2537 qaoe
661 2447 752 2514 vobis
768 2447 811 2514 ab
827 2470 863 2515 eo
878 2447 1000 2515 directa
1012 2459 1101 2534 sunt,
1117 2469 1138 2514 a
1154 2447 1249 2517 nobis
1266 2470 1331 2517 esse

269 2559 403 2644 dictata,
415 2561 517 2650 juata
531 2575 673 2630 vestram
686 2561 886 2630 voluntatem
897 2563 1077 2653 coacescite
1089 2561 1146 2631 ’.ν
1165 2562 1282 2633 Cernis
1296 2573 1331 2632 ut

269 2731 425 2793 assuetas,
440 2729 522 2795 3562),
534 2735 619 2781 cetera
631 2730 685 2780 due
694 2729 784 2780 habent
796 2731 907 2781 vitiosam
920 2729 1049 2780 clausulam
1071 2733 1104 2794 (r.
1122 2729 1194 2795 tane,
1215 2745 1242 2781 n.
1259 2733 1332 2790 atam
1384 2700 1389 2707 ἡ

269 2808 360 2858 Natalis
371 2809 401 2859 de
411 2808 514 2873 Wailly,
528 2823 567 2873 op.
580 2808 632 2871 cit„
647 2814 667 2858 t.
683 2810 703 2869 l,
714 2823 738 2874 p.
754 2809 849 2872 sao-t).

299 2892 324 2938 l.
340 2889 411 2952 Nam,
433 2896 460 2938 nt
479 2889 618 2938 omittamus
639 2887 792 2938 anastasium
811 2894 928 2951 nostrum,
948 2901 1020 2951 quam
1039 2901 1093 2937 mox
1116 2887 1236 2937 constabit
1264 2887 1334 2952 hujus

268 2967 356 3017 laboris
379 2969 521 3032 participem
541 2969 614 3018 luisse
635 2974 764 3032 antequam
795 2973 859 3018 esset
886 2966 1090 3030 bibliothecarius,
1115 2983 1192 3032 neque
1214 2968 1335 3019 lohannes

268 3046 351 3110 abbas,
379 3063 423 3097 nec
444 3047 584 3098 Gemmulns
606 3048 728 3111 diaconus,
751 3047 809 3096 dum
829 3045 920 3096 litteras
941 3061 1089 3097 summorum
1108 3048 1248 3112 pontificum
1266 3062 1333 3097 aom-

270 3133 395 3191 ponerent,
407 3126 578 3177 bibliothecam
588 3129 721 3178 Romanam
732 3127 911 3176 administrasse
923 3126 1044 3178 videntur.

300 3209 323 3256 2.
340 3207 381 3269 Ut,
396 3221 451 3255 cum
470 3206 556 3257 deinde
570 3207 689 3256 nonnullis
711 3207 736 3256 in
758 3206 919 3269 suspicionem
940 3206 1015 3270 venit,
1036 3206 1182 3256 adulteratas
1201 3205 1276 3256 luisse
1294 3205 1336 3256 has

270 3283 369 3335 Honorii
381 3284 482 3347 litteras,
499 3299 527 3334 ax
546 3300 574 3336 eo
587 3286 696 3336 iohanne
716 3285 843 3350 quesitum
857 3286 890 3334 sit
902 3285 961 3349 quid
980 3286 1032 3349 ipse
1046 3285 1071 3334 in
1085 3285 1132 3334 illis
1146 3285 1334 3350 conscripsisset.

270 3364 339 3426 Quod
349 3364 413 3414 idem
423 3365 582 3426 interrogasse
590 3367 752 3426 anastasium,
764 3365 876 3415 abbatem
889 3365 1026 3429 quemdam,
1045 3367 1072 3416 S.
1088 3364 1209 3416 Maximus
1223 3370 1334 3427 testatus,

269 3451 341 3510 atque
362 3445 483 3494 invenisse
505 3446 546 3494 τὸν
567 3446 654 3504 ταύτην
680 3444 838 3510 (ἐπιστολὴν)
867 3443 892 3492 ἐν
912 3444 1014 3500 latinos:
1038 3445 1249 3510 ὑπαγορεύσαντα,
1276 3445 1336 3494 κατὰ

268 3527 376 3578 sciissent
399 3525 474 3576 αὐτοῦ
495 3525 641 3592 (Ὁνωρίου)
662 3525 744 3590 κύριον
763 3525 840 3574 ἀὸὅᾶν
860 3523 970 3582 Ἰωάννην
993 3525 1034 3573 τὸν
1053 3525 1186 3588 ἁγιώτατον
1203 3523 1335 3587 stipantes,

269 3607 459 3673 ῑσχυριῑόμινον,
480 3608 514 3661 ὡς
532 3605 643 3669 οὐδαμῶς
656 3605 780 3668 ἐπίμνησιν
797 3605 821 3653 ἐν
836 3603 897 3667 αὐτῇ
916 3604 946 3652 δι’
961 3603 1062 3669 ἀριθμοῦ
1081 3604 1290 3662 castalenensis&
1309 3601 1335 3650 τὸ

268 3688 381 3750 παράπαν
403 3686 546 3750 θελήματος,
566 3691 613 3737 eto.
635 3686 662 3735 S.
680 3685 779 3735 Maximi
800 3684 919 3749 Epistola
938 3683 973 3733 ad
994 3685 1138 3734 lohannens
1157 3683 1334 3748 presbyterum

270 3765 374 3828 (Misus.
387 3769 416 3818 P.
435 3767 475 3826 L.‚
490 3771 509 3815 t.
524 3766 633 3824 CXXIX,
648 3778 671 3828 p.
685 3766 752 3825 stt).
765 3765 886 3814 adverus
904 3763 969 3814 anius
987 3764 1036 3815 issa
1052 3765 1125 3814 verba
1142 3763 1338 3836 ὑπηορεύσαντα

270 3851 295 3894 et
308 3845 440 3910 σύμπονον,
452 3846 540 3912 quibua
550 3845 628 3895 scriba
637 3849 731 3892 tantum
740 3843 869 3904 significari
880 3859 926 3893 non
941 3845 1026 3908 possit.

303 3927 326 3974 3.
344 3928 401 3977 Hac
412 3925 528 3977 Bonifatii
541 3924 570 3975 ad
584 3923 724 3976 Zachariam
737 3937 823 3986 papam
836 3923 937 3987 epistola
949 3929 1027 3974 exstat
1035 3925 1113 3974 adhuc
1128 3925 1153 3973 in
1164 3924 1236 3974 Actis
1249 3921 1340 3987 epaods'

272 4005 400 4066 Romane,
421 4021 474 4073 qua
492 4007 647 4058 adalbertus
666 4006 690 4054 et
716 4002 833 4054 Clemens
852 4003 1020 4054 damnantur.
1042 4006 1071 4054 V.
1092 4004 1164 4069 rma,
1185 4001 1338 4054 Bibliotheca

269 4092 358 4128 reram
375 4083 596 4148 Germanicarum,
611 4089 631 4137 t.
643 4081 688 4145 ΙΙΙ,
699 4093 724 4145 ρ.
737 4079 852 4131 lat-tto.
863 4080 1017 4145 Rescriptum
1033 4095 1090 4130 sero
1101 4079 1224 4130 Zacharia
1238 4077 1338 4144 reperies

270 4155 342 4222 inid„
357 4175 382 4224 p.
400 4166 515 4215 tls-ssa.

305 4238 328 4286 l.
347 4239 469 4290 Gemmuli
491 4243 582 4294 diaconi
603 4241 718 4308 Epistola
736 4238 773 4290 ad
794 4238 951 4300 Bonifatium
971 4241 1155 4306 tloqants'nam
1172 4237 1244 4290 arel.
1263 4234 1339 4302 (lani,

272 4331 313 4384 op.
328 4317 382 4383 cit,
397 4335 423 4386 p.
438 4323 533 4386 tat-a).
