2954 5050
534 415 709 468 rollenus
735 415 850 466 valete
1177 413 1223 468 ιιι

158 561 260 649 betis,
275 559 378 629 immo
400 559 557 630 resistatis
579 559 619 629 iis
639 579 711 650 quae
728 568 840 628 contra
854 557 1025 628 Nicolaum
1038 578 1156 648 papam
1170 559 1223 648 agi

160 684 330 748 tentantur
340 674 363 746 ¹.
379 701 396 740 ι

207 793 283 864 Haec
298 793 431 884 quidem
442 791 711 862 Bibliotbemrius
721 812 797 861 cum
809 790 926 862 Adone
936 791 1051 862 emico.
1069 792 1112 860 At
1121 791 1225 882 major

159 889 263 982 etiem
276 909 438 980 industria
453 909 527 998 luit,
542 929 606 998 qua
620 908 681 980 iste
696 907 913 978 Hincmerum
928 908 968 978 ed
981 907 1130 978 eamdem
1145 928 1225 977 con-

161 1025 374 1096 certationem
389 1046 487 1094 ausus
502 1036 550 1095 est
564 1024 712 1094 excitare.

208 1142 353 1231 Etenim,
366 1142 522 1230 quoniam
536 1140 734 1212 Hincmarus
751 1141 924 1212 Remensis
943 1163 1026 1232 sepe
1047 1146 1227 1214 contentio-

162 1279 242 1329 nem
264 1279 341 1328 cum
363 1257 495 1327 Nicolao
513 1257 682 1347 babuerat,
709 1278 769 1326 nec
790 1258 994 1328 dubitaverat
1013 1259 1147 1348 quidem
1170 1263 1228 1330 ali·

160 1373 404 1466 quandohujus
417 1373 576 1463 pontilicis
587 1374 705 1463 scripta
720 1383 817 1463 atque
826 1374 954 1444 decreta
965 1377 1225 1467 sererenotare²‚

198 1560 222 1605 l.
239 1551 301 1605 ibid.
315 1553 370 1604 Non
381 1551 458 1602 multo
470 1556 525 1617 post
535 1551 684 1616 Anastasius,
697 1551 812 1603 Hadriani
824 1553 846 1602 ll
864 1551 960 1602 nomine
976 1552 1091 1618 scribens,
1106 1553 1228 1620 episcopos

162 1633 252 1686 Gallia
270 1633 300 1684 de
317 1632 408 1683 Nicolai
427 1631 530 1683 decretis
551 1631 681 1694 diligenter
694 1632 817 1683 servandis
831 1633 968 1696 admonuit;
983 1648 1011 1684 ac
1026 1648 1163 1699 quenquam
1184 1635 1227 1686 do·

162 1715 251 1766 buerat
267 1713 360 1764 cautius
375 1719 472 1779 propter
490 1713 626 1779 pontificem
646 1713 721 1779 loqui,
739 1718 821 1763 ιιιιιιιι
840 1715 864 1763 in
885 1715 1090 1780 utroque-scripto
1111 1721 1178 1765 tanta
1191 1722 1228 1766 est

161 1794 296 1846 similitudo
311 1809 366 1845 cum
378 1794 500 1858 orationis,
512 1801 564 1846 tum
577 1794 735 1860 quarumdam
752 1795 935 1859 sententiarum,
948 1801 975 1844 ut
986 1799 1037 1860 jam
1048 1795 1105 1846 olim
1117 1797 1169 1846 hec
1180 1797 1227 1847 duo

159 1875 295 1926 abeodem
313 1875 430 1941 scriptore
448 1876 578 1941 composita
595 1890 648 1926 esse
667 1874 805 1938 collegerim
820 1878 854 1940 (r.
870 1876 983 1926 Hadrian
998 1877 1025 1926 ll
1036 1879 1061 1927 el
1076 1877 1111 1926 lea
1127 1879 1228 1941 taureas

162 1956 312 2022 Mareotes,
324 1972 349 2023 p.
361 1959 445 2021 28·29‚
458 1971 483 2007 a.
496 1957 531 2022 7).
543 1957 622 2018 Quem
634 1956 785 2009 collationem
797 1956 855 2007 utile
867 1962 905 2007 est
917 1957 961 2006 boc
973 1956 1023 2008 loco
1036 1963 1144 2023 repetere
1156 1973 1164 2010 r

279 2085 419 2125 aurerasu
437 2085 565 2126 nrrsrone
722 2086 853 2126 aenararu
868 2086 889 2124 ιι
904 2085 1031 2127 nrrsrone
1046 2087 1083 2127 en
1099 2085 1226 2128 saronae

336 2166 373 2206 en
388 2166 508 2207 uuonan.
694 2157 698 2165 '
886 2165 1072 2208 raraessnrau.

199 2289 248 2323 a...
259 2271 374 2324 intimetis
389 2274 459 2337 nasi
472 2273 512 2323 bic
524 2272 614 2324 lectum
624 2272 676 2324 lue·
756 2275 879 2326 «Tantum
897 2286 930 2324 ιιι
942 2271 1058 2338 ejusmodi
1073 2273 1181 2324 homines
1194 2275 1229 2324 sic

164 2353 200 2404 rit
214 2352 349 2415 concilium,
368 2353 405 2404 sic
427 2353 496 2418 quasi
516 2353 676 2419 recuperatio·
722 2354 881 2407 innocentiam
901 2360 970 2403 sua'm
988 2367 1093 2404 asserere
1110 2354 1229 2419 studeant,

165 2448 224 2484 nem
246 2433 283 2483 sui
306 2439 381 2485 status
405 2440 578 2500 assequantur,
601 2437 632 2486 ut
649 2435 676 2484 a'n
722 2440 753 2488 act
771 2437 800 2488 in
821 2435 995 2486 accusationem
1026 2435 1087 2485 tanti
1110 2435 1230 2502 pontificis

165 2514 347 2577 derogationem
362 2514 468 2565 defuncti
481 2514 675 2581 presulisprosi-
722 2518 873 2582 maximaque
897 2515 921 2564 ia
943 2515 988 2564 liei
1008 2515 1099 2579 judicio
1122 2515 1230 2566 collocati

165 2593 237 2658 liant,
250 2595 586 2662 proecipuarerocambunc
599 2594 677 2646 nullas
721 2597 885 2664 quoquomodo
921 2611 1076 2663 prorumpere
1113 2596 1230 2659 audeant,

166 2675 378 2740 redarguente
390 2673 511 2740 modoqui
524 2675 624 2739 objectis
637 2691 676 2725 re·
718 2680 848 2746 precipue
869 2693 932 2729 cam*
946 2678 1028 2741 illum,
1052 2677 1109 2726 dum
1129 2676 1229 2739 advixit,

166 2754 285 2822 spondeat
300 2769 348 2806 non
367 2756 501 2821 supersit...
522 2756 589 2808 Unde
603 2757 676 2808 ctiam
721 2775 793 2810 nemo
802 2760 918 2824 impetere
928 2757 1114 2824 presumpserit,
1123 2756 1161 2805 val
1174 2771 1229 2805 eum

167 2837 249 2888 acribo
259 2837 326 2888 vobis
339 2842 365 2888 et
377 2853 420 2903 par
429 2839 507 2889 Deam
517 2843 676 2891 contestatae
722 2839 751 2889 de
761 2841 850 2903 injusto
858 2837 949 2904 judicio
958 2851 1066 2901 urguere
1074 2834 1113 2885 rel
1126 2835 1231 2884 tenuiter

168 2917 326 2968 consentietis
342 2933 419 2983 neque
437 2919 584 2984 approbetis,
601 2919 676 2971 immo
722 2933 793 2970 ausus
811 2918 956 2969 exstiterit...
972 2919 1056 2967 Estote
1072 2915 1147 2977 igitur
1168 2915 1231 2964 circa

168 2998 287 3050 resistatis
312 2999 342 3048 iis
365 3013 418 3064 qua
442 3006 525 3050 contre
551 3000 676 3052 Nicolaum
721 3002 772 3051 bec
785 2999 879 3063 uigiles,
895 3003 971 3050 estote
988 2996 1070 3060 fortes,
1086 3000 1111 3046 et
1122 2994 1167 3044 ista
1180 3009 1231 3044 om·

169 3094 258 3146 papam
277 3080 317 3141 agi
336 3085 470 3142 tentantur,
487 3083 605 3146 quoniam
619 3097 676 3132 auc·
722 3082 792 3132 nibus
801 3081 864 3131 ultra
877 3079 950 3144 Alpes
964 3076 1101 3128 constitutis
1114 3075 1232 3139 episcopis

169 3159 254 3209 toritas
263 3159 455 3224 huJ'usllcclesiae
466 3175 521 3210 mor
533 3161 677 3228 dissolvitur,
722 3162 871 3222 nuntiantes,
883 3168 910 3209 ut
928 3165 953 3209 at
970 3158 1017 3224 ipsi
1033 3171 1104 3222 super
1118 3156 1156 3206 bie
1170 3155 1231 3206 solli-

171 3241 196 3290 εἰ
210 3239 308 3304 praesul
320 3255 364 3292 e...
380 3240 458 3306 (deest
471 3240 572 3308 aliquid)
591 3243 679 3294 addici·
722 3245 765 3295 citi
774 3249 799 3294 et
812 3242 898 3292 intanti
913 3245 1101 3305 propugnatores
1111 3238 1158 3288 sint
1171 3237 1233 3288 salu·

170 3327 245 3371 tar.»
722 3326 807 3376 bribus
827 3322 924 3373 monitis
946 3321 1053 3382 incitate,
1075 3319 1233 3386 quoniamst

205 3401 308 3466 (iligna,
321 3406 342 3452 t.
353 3401 461 3467 CXXIX,
473 3417 497 3467 p.
512 3402 578 3468 lle.)
723 3407 787 3458 sedis
813 3403 948 3470 apostolicae
968 3400 1081 3466 praesul,
1103 3399 1143 3449 rel
1158 3398 1233 3462 ipsius

723 3487 819 3537 decreta
849 3481 1000 3534 detestationi
1027 3479 1065 3531 vel
1090 3477 1234 3528 abdicationi

722 3567 852 3629 habentur,
867 3563 957 3614 nullius
974 3567 1084 3612 restrum
1096 3559 1134 3609 vel
1147 3571 1234 3607 nornen

723 3646 762 3697 rel
778 3646 914 3696 institutum
923 3644 1021 3693 firmum
1030 3646 1072 3692 eut
1084 3637 1169 3689 stabile
1179 3651 1235 3700 per·

724 3743 822 3778 manere
840 3724 937 3776 valebit.
949 3743 961 3770 a

759 3809 861 3874 (iligna,
877 3812 897 3857 t.
909 3805 1007 3865 CXXlI,
1022 3817 1047 3866 p.
1061 3799 1143 3863 1263.)

208 3905 233 3952 2.
251 3902 284 3952 V.
299 3915 381 3965 supra,
391 3915 416 3966 p.
428 3900 481 3962 ιιι,
493 3915 519 3950 n.
532 3902 556 3951 6.
571 3901 621 3950 Νιι
634 3898 714 3950 minua
727 3897 803 3948 libere
820 3897 849 3946 de
864 3892 1008 3960 quibusdam
1022 3889 1077 3938 aliis
1090 3887 1176 3938 litteris
1197 3887 1239 3937 Ni·

177 3981 239 4032 colai
256 3981 401 4031 Hincmarue
416 3980 508 4031 locutus
521 3985 578 4030 eat:
595 3980 734 4032 «Arsenius
756 3978 857 4040 rediens,
872 3976 914 4037 ait,
929 3970 1054 4036 epistolam
1067 3967 1158 4018 Nicolai
1172 3982 1239 4033 papae

175 4061 275 4128 plenam
289 4061 436 4112 terribilibus
452 4068 476 4112 et
490 4076 505 4110 a
518 4060 633 4112 modestia
646 4060 711 4111 sadis
724 4057 859 4124 apostolicae
876 4060 947 4104 antea
963 4050 1075 4117 inauditis
1089 4048 1239 4100 maledictio-

176 4141 249 4191 nibue
262 4141 356 4194 detulit.
369 4159 382 4190 a
394 4141 517 4192 llincmari
527 4140 648 4205 Annales,
664 4156 687 4190 a.
700 4142 744 4190 865
760 4139 848 4202 (Perta,
864 4137 885 4198 l,
897 4131 962 4198 tae).
975 4131 1062 4182 Videas
1069 4131 1141 4180 etiam
1149 4135 1239 4195 quanta

175 4222 308 4274 acerbitate
330 4222 394 4274 idem
416 4221 607 4287 archiepiscopus
629 4236 683 4270 curn
697 4219 727 4270 de
741 4217 889 4268 restitutione
898 4212 1011 4276 Rotbadi‚
1022 4218 1074 4262 tum
1089 4211 1118 4261 de
1130 4211 1239 4264 Wulladi

175 4301 307 4375 episcopali
319 4303 495 4357 consecratione
508 4301 661 4370 judicaverit.
674 4299 758 4366 libid,
768 4312 792 4368 p.
805 4299 860 4362 lea,
873 4302 897 4346 et
912 4311 934 4347 a.
949 4296 1002 4355 866,
1018 4309 1042 4362 p.
1059 4291 1124 4360 ιιι.)
