2944 5060
264 503 311 553 29⁸
627 493 824 545 ussnunrx
850 493 965 545 soron

264 647 432 727 propterea
445 641 529 722 qnod
543 655 636 720 quem
645 640 714 699 tum
728 636 929 699 anathemate
943 639 1166 714 multaverunt,
1183 642 1331 704 eumdem

263 755 373 834 postca
387 747 567 810 habuemnt
591 742 828 821 amicissimum,
851 741 1054 806 Rhodosldus
1078 765 1192 828 nempe
1208 749 1330 830 episco-

263 877 322 938 pus
338 851 544 923 Portuensis¹,
556 855 651 932 atque
665 849 844 926 Nicolausl,
856 868 893 911 eo
907 854 1048 931 tempore
1064 853 1217 916 diaconus
1231 857 1330 919 ceole

262 965 317 1026 siae
343 964 493 1024 Romanus
501 959 524 1033 ²,
555 975 690 1039 quorum
710 957 797 1035 prior
810 957 967 1018 Ansstssii
988 958 1097 1020 sedem
1122 962 1332 1041 apostolicum

263 1068 445 1149 occupantis
458 1066 602 1129 conscius
617 1067 712 1143 utque
721 1063 849 1142 adjutor
862 1063 1037 1140 fuit³,ulter
1050 1084 1136 1144 vero,
1148 1086 1331 1149 quanquam

262 1176 424 1237 incudem
446 1171 661 1254 conjuratione
683 1169 779 1230 fuisso
801 1169 863 1231 diei
884 1170 970 1232 nullo
990 1170 1062 1252 jure
1082 1173 1194 1252 possit,
1209 1177 1330 1248 temen,

263 1282 415 1362 cumipse
429 1280 542 1342 deinde
561 1295 720 1338 summum
738 1276 876 1338 obtinuit
893 1276 1122 1356 pontificatum,
1142 1280 1276 1342 multum
1292 1299 1329 1342 eo

262 1389 446 1470 presbytero
461 1383 729 1448 excommunicato
745 1401 820 1446 usus
832 1386 882 1446 est
888 1382 913 1447 ⁴.

382 1559 515 1619 Ansnuu
536 1555 729 1626 Honrnrssrs,
751 1555 859 1614 Lnoun
884 1570 967 1615 rurs
988 1555 1043 1629 lv,
1065 1575 1210 1619 counrcro

681 1679 721 1722 nr
748 1679 907 1723 sonrnsn.

301 1799 364 1861 Sed
379 1798 440 1858 hoo
451 1795 586 1856 maxime
599 1796 648 1855 est
661 1793 989 1872 animadvertendum,
1008 1814 1081 1857 oum
1095 1797 1127 1857 in
1140 1797 1262 1876 synodo
1277 1817 1332 1879 ge-

260 1905 357 1967 nerali
372 1903 524 1966 adversus
542 1899 744 1963 Ansstssium
757 1899 866 1961 habito
880 1919 990 1963 omnes
1002 1901 1067 1964 fere
1083 1905 1235 1966 Romanae
1251 1904 1329 1968 dioe-

261 2031 368 2074 osseos
392 2008 531 2090 episcopi
552 2007 711 2082 adessent,
735 2005 872 2069 abfuisse
897 2007 1003 2069 tumen
1033 2009 1212 2088 Arsenium,
1233 2029 1330 2092 quan-

262 2137 358 2200 quam
394 2116 480 2178 hune
512 2116 598 2176 corto
627 2116 751 2176 constat
773 2113 840 2192 jam
874 2116 944 2175 tum
971 2115 1155 2196 episcopum
1193 2117 1330 2182 civitatis

260 2228 409 2286 Hortuuae
422 2221 530 2284 fnisse.
551 2222 649 2282 immo
672 2237 759 2296 vero,
779 2237 819 2282 ex
842 2219 913 2282 Vtto
926 2221 958 2283 S.
976 2222 1185 2298 Gouwoionis,
1205 2224 1330 2288 obbatis

260 2329 461 2409 Rotonensis,
470 2327 588 2408 scripte
602 2325 741 2406 quidem,
752 2328 788 2387 ut
797 2326 945 2406 opinetur
954 2327 1027 2389 Joh.
1038 2327 1199 2409 Msbibon,
1212 2332 1328 2394 saeoulo

258 2440 382 2500 tuntum
401 2432 599 2513 undecimo⁵,
623 2435 657 2494 at
681 2431 909 2512 antiquioribus
932 2434 1143 2497 monumentis
1170 2437 1326 2510 confecta,

260 2544 320 2605 hoo
341 2538 456 2604 inferre
486 2540 573 2618 licet,
612 2539 779 2602 Arsenium
814 2539 1009 2620 episcopum,
1050 2541 1177 2604 ineunte
1215 2544 1329 2606 saltem

260 2650 372 2714 Leonis
385 2649 426 2711 1v
438 2647 633 2729 pontificatu,
649 2645 787 2707 multum
800 2646 932 2708 valuisse
946 2645 1029 2710 inter
1043 2651 1215 2724 Romanos,
1232 2655 1329 2731 etque

258 2756 344 2837 opud
368 2755 476 2816 sedem
495 2753 699 2835 apostolicam
722 2770 872 2832 magnam
894 2753 981 2816 illam
1005 2756 1238 2834 auctoritatem,
1263 2775 1327 2838 que

258 2865 380 2930 Nicoiai
393 2867 407 2927 1
421 2867 453 2926 et
466 2862 618 2925 Hadriani
637 2865 663 2925 11
684 2861 881 2942 temporibus
902 2863 972 2941 tuit,
986 2862 1054 2944 jem
1076 2867 1146 2925 tum
1164 2864 1326 2930 habuisse.

257 2972 390 3047 Etenim,
407 2989 479 3032 cum
498 2969 666 3032 conwoion
692 2968 802 3046 abbas,
823 2969 948 3032 favente
971 2970 1132 3032 Nomenoe
1156 2971 1327 3037 Britanniis

258 3077 410 3160 principe,
426 3075 590 3157 episcopos
604 3075 782 3155 complures
795 3093 866 3137 reos
880 3075 1021 3139 simoniae
1036 3075 1171 3152 fecisset,
1191 3097 1230 3141 ex
1241 3082 1329 3142 utro-

257 3203 318 3268 que
333 3184 421 3264 parts
435 3181 531 3263 legati
544 3184 677 3244 Romam
686 3181 819 3261 profecti
830 3180 914 3260 sunt,
926 3201 1058 3245 eausam
1068 3187 1240 3264 praesentes
1255 3189 1328 3250 ente

257 3309 416 3354 summum
430 3287 610 3370 pontificem
624 3287 750 3362 dicturi,
769 3287 836 3368 ipse
855 3288 1003 3368 videlicet
1019 3291 1204 3371 Gonwoion,
1231 3295 1328 3374 etque

258 3401 421 3463 Susenuus
442 3397 474 3457 et
494 3395 592 3469 Felix,
612 3394 664 3457 hio
688 3393 946 3475 Gorosopiteusis‚
978 3395 1031 3458 iile
1051 3396 1236 3460 venetensis
1257 3400 1326 3480 epi-

256 3523 380 3586 scopus.
397 3503 455 3577 Qui
470 3521 542 3565 oum
556 3501 690 3564 Romam
702 3504 924 3582 pervenerunt,
941 3501 987 3565 sio
1000 3521 1051 3565 res
1074 3521 1107 3565 se
1129 3504 1278 3567 habuisse
1294 3506 1327 3568 in

256 3631 294 3675 es
313 3611 384 3676 Vita
399 3607 571 3674 narretur⁶
586 3628 593 3672 :

287 3819 311 3867 1.
327 3814 359 3866 V.
374 3811 461 3877 Coleti,
475 3818 496 3863 t.
510 3813 553 3876 tx,
573 3828 598 3878 p.
617 3815 678 3865 1138
687 3815 716 3877 Β,
733 3817 795 3866 11³9
805 3815 834 3866 G.
854 3815 904 3865 Neo
917 3814 994 3866 solum
1007 3813 1121 3866 Nicotaus
1140 3815 1210 3866 Actis
1228 3815 1326 3868 concilii

254 3909 344 3945 nomeu
354 3893 504 3959 subscripsit,
519 3893 562 3944 sed
576 3909 604 3944 er
616 3893 703 3944 Leonis
718 3896 753 3945 1v
763 3894 860 3945 nomine
873 3900 898 3944 et
912 3909 1012 3960 persona
1026 3893 1228 3947 admonitionem
1240 3911 1326 3962 quum·

255 3975 311 4026 dom
324 3973 435 4041 papalem
448 3974 567 4025 recitavit.
582 3974 615 4024 V.
629 3974 700 4038 ibid,
715 3989 741 4039 p.
752 3976 822 4026 1128.

286 4057 310 4108 2.
327 4057 359 4107 V.
377 4055 461 4106 Vitem
475 4054 584 4117 Nicolot,
598 4069 622 4104 c.
637 4066 679 4117 111,
693 4068 733 4119 sp.
747 4055 857 4122 Vignoii,
871 4061 891 4107 t.
905 4056 948 4120 111,
960 4070 985 4120 p.
1002 4053 1114 4106 toi-rm.

286 4137 311 4185 ³.
328 4135 359 4185 V.
373 4147 455 4198 supro,
471 4148 495 4198 p.
512 4135 581 4186 si-s.

287 4215 311 4266 1.
328 4215 361 4268 V.
375 4229 457 4279 supro,
471 4229 493 4264 c.
509 4227 546 4266 1V.

288 4295 311 4346 o.
329 4292 452 4357 bisbillon,
465 4295 531 4344 Aeta
545 4294 592 4345 88.
608 4295 636 4345 O.
652 4295 680 4345 S.
695 4294 735 4356 B..
750 4300 769 4346 t.
782 4294 826 4358 Vi,
843 4310 869 4360 p.
884 4297 939 4347 181.

286 4374 311 4424 6.
330 4373 375 4424 Vix
387 4374 498 4439 estquod
513 4389 622 4424 mousom
634 4375 698 4424 huno
712 4377 851 4440 scriptorem
865 4377 998 4428 studiosum
1011 4391 1063 4426 esse
1077 4377 1239 4427 Conwoiouis.
