2944 5060
260 458 305 509 314
623 456 817 508 specuum
844 456 957 507 PRIOR

259 615 334 668 mus,
350 615 473 672 quorum
488 597 616 654 videmus
631 599 690 654 Deo
706 602 821 655 auctore
837 593 967 656 sanctam
981 597 1150 667 Ecclesiam,
1166 601 1217 654 aut
1238 615 1326 656 roseo

259 705 361 744 cruore
384 687 527 757 floridam,
556 690 606 743 aut
630 686 755 743 rorifluis
781 687 934 743 sudoribus
960 690 989 742 et
1011 687 1171 743 salubribus
1202 687 1328 760 eloquiis

260 777 440 834 adornatam.
458 776 487 832 Si
501 776 580 832 enim
591 777 722 849 ipsorum
733 776 847 832 decreto
857 780 1020 832 ceterorum
1034 778 1171 848 opuscula
1184 779 1324 833 tractato·

259 884 324 923 rum
349 864 545 937 approbantur
565 866 610 922 vel
628 866 829 938 reprobantur,
852 865 892 921 its
911 869 942 920 ut
963 865 1041 937 quod
1059 866 1141 920 sedes
1163 866 1328 937 apostolica

258 955 363 1027 probat
378 953 466 1009 hodie
485 956 616 1010 teneatur
641 957 802 1025 acceptum,
825 955 855 1009 et
879 953 956 1026 quod
980 953 1030 1009 illa
1056 954 1163 1026 repulit
1185 954 1328 1010 hactenus

258 1043 393 1100 inefficax
414 1043 572 1112 habeatur;
595 1046 622 1098 et
644 1046 751 1115 quanto
765 1043 861 1115 potius
874 1059 938 1115 quae
950 1043 1013 1114 ipsa
1030 1060 1082 1114 pro
1098 1042 1243 1099 catholica
1257 1044 1327 1114 fide,

258 1149 311 1206 pro
332 1131 460 1205 profanis
481 1131 665 1203 dogmatibus
683 1131 866 1203 repellendis,
887 1148 939 1203 pro
953 1131 1039 1187 variis
1052 1135 1081 1188 et
1093 1132 1261 1188 multifariis
1276 1133 1328 1188 Ec·

259 1221 352 1277 clesiae
366 1219 580 1276 necessitatibus
594 1223 624 1276 et
635 1219 766 1275 fidelium
780 1219 909 1276 moribus
924 1220 1034 1276 diverso
1052 1224 1186 1292 tempore
1202 1221 1327 1293 scripsit,

259 1309 338 1367 omui
352 1309 458 1365 debent
470 1309 579 1365 honore
591 1309 733 1381 praeferri,
746 1310 820 1378 etab
834 1307 968 1364 omnibus
977 1326 1094 1381 prorsus
1105 1309 1136 1365 in
1152 1309 1329 1382 quibuslibet

259 1396 519 1471 opportunitatibus
540 1397 711 1452 discretione
726 1396 771 1452 vel
785 1397 994 1468 dispensatione
1009 1397 1150 1470 magistra
1160 1393 1329 1455 reverenter

259 1484 388 1542 assumi?
401 1486 574 1559 Quanquam
589 1486 708 1560 quidam
721 1489 848 1541 vestrum
862 1485 1028 1558 scripserint
1041 1485 1120 1542 haud
1133 1485 1184 1543 illa
1199 1486 1328 1543 decreta·

257 1573 298 1629 lia
312 1573 472 1646 priscorum
485 1575 657 1646 pontificum
671 1573 701 1630 in
721 1577 782 1630 toto
801 1571 906 1630 codicis
925 1591 1068 1631 canonum
1088 1591 1211 1647 corpore
1236 1565 1328 1632 couti-

258 1663 322 1720 ueri
335 1662 486 1734 descripta,
503 1680 569 1718 cum
584 1663 650 1735 ipsi,
666 1663 716 1718 ubi
731 1679 789 1718 suae
804 1663 958 1718 intentioni
971 1663 1033 1719 haec
1047 1663 1203 1736 suffragari
1218 1663 1329 1737 conspi-

257 1753 347 1820 ciunt,
361 1751 417 1806 illis
432 1749 631 1807 indifferenter
645 1754 773 1820 utantur,
788 1754 816 1808 et
829 1753 923 1807 solum
941 1769 1017 1808 nunc
1036 1752 1072 1808 ad
1089 1751 1328 1809 imminutionem

257 1840 405 1915 potestatis
415 1840 490 1896 sedis
501 1839 664 1912 apostolicae
680 1840 758 1896 etad
773 1858 890 1897 suorum
903 1846 1092 1914 augmentum
1105 1836 1328 1915 privilegiorum

257 1931 354 1987 minus
368 1932 486 2001 accepta
499 1946 560 1984 esse
572 1927 752 2001 perhibeant.
766 1931 839 1984 Nam
853 1930 992 1986 nonnulla
1001 1947 1103 1987 eorum
1117 1931 1226 2002 scripta
1238 1944 1328 2004 penes

257 2020 472 2088 noshabentur,
491 2034 554 2090 quae
569 2034 630 2073 non
645 2017 739 2084 solum
754 2034 992 2092 quorumcunque
1013 2021 1214 2076 Romanorum
1230 2019 1327 2094 ponti·

257 2110 355 2176 ficum,
371 2124 471 2164 verum
486 2105 575 2162 etiam
589 2106 719 2178 priorum
734 2106 848 2164 decreta
869 2106 899 2162 iu
921 2108 977 2164 suis
995 2109 1088 2164 causis
1106 2109 1246 2182 praeferre
1260 2126 1328 2164 nos-

257 2201 371 2255 cuntur.
390 2199 429 2252 At
444 2213 530 2265 nunc,
550 2193 599 2250 ubi
623 2194 681 2250 suis
703 2195 807 2250 animis
828 2198 978 2266 resultare,
999 2200 1029 2253 et
1048 2198 1221 2270 privilegia¹
1245 2199 1327 2254 tauto

257 2303 320 2354 nos,
336 2288 368 2340 ut
381 2283 412 2340 in
426 2285 471 2340 sui
483 2281 573 2340 status
586 2276 785 2340 incolumitate
801 2283 966 2356 persistant,
985 2285 1135 2342 elaborare
1154 2303 1215 2342 non
1236 2303 1327 2342 cessa·

257 2391 331 2442 mus,
352 2376 461 2447 quanto
480 2375 623 2429 universae
641 2372 775 2430 Ecclesiae
793 2373 943 2445 profuisse,
962 2373 1098 2446 prodesse
1118 2391 1152 2431 ac
1173 2376 1329 2448 profutura

257 2479 372 2534 semper
387 2478 447 2518 esse
462 2463 630 2535 probantur.
644 2461 771 2532 Dignum
786 2478 855 2534 ergo
871 2465 914 2518 est
933 2465 964 2518 ut
985 2463 1035 2519 ubi
1058 2463 1191 2520 universa
1207 2461 1327 2520 fabricae

257 2551 349 2607 moles
363 2549 506 2622 innititur,
520 2549 561 2606 ibi
576 2551 694 2605 firmum
713 2549 897 2623 validumque
911 2551 1053 2607 habeatur
1066 2551 1096 2607 in
1111 2553 1248 2609 omnibus
1264 2553 1329 2608 lun·

257 2639 437 2697 dementum.
451 2641 539 2695 Porro
554 2640 579 2694 si
594 2638 661 2695 idco
676 2655 735 2694 non
750 2656 810 2694 esse
830 2639 988 2696 decretales
1007 2641 1141 2714 epistolas
1162 2642 1329 2714 priscorum

255 2727 426 2801 pontificum
440 2725 656 2784 Romanorum⁹
670 2727 865 2784 admittendas
876 2727 986 2798 dicunt,
998 2717 1065 2801 quia
1078 2729 1106 2784 in
1123 2729 1221 2786 codice
1236 2747 1326 2786 cano·

256 2835 328 2873 num
342 2834 402 2873 non
415 2817 559 2874 habentur
574 2816 705 2889 ascriptae
715 2815 736 2885 3,
752 2833 822 2889 ergo
837 2833 890 2872 nec
905 2816 1035 2890 Gregorii
1050 2817 1151 2888 sancti,
1170 2836 1225 2875 nec
1240 2819 1329 2875 ullius

256 2907 373 2964 alterius
396 2905 443 2979 qui
466 2909 532 2962 ante
550 2907 594 2961 vel
613 2908 678 2978 post
696 2906 791 2977 ipsum
812 2905 875 2973 fuit,
897 2910 940 2961 est
959 2907 1078 2980 aliquod
1097 2907 1262 2963 institutum
1281 2909 1329 2963 rel

255 2995 394 3066 scriptum
407 2993 618 3066 recipiendum,
635 3011 669 3049 eo
685 2993 763 3066 quod
777 2993 806 3048 in
821 2992 920 3050 codice
940 3011 1084 3050 canonum
1100 3012 1159 3051 non
1180 2995 1327 3050 habeatur

255 3083 424 3154 ascriptum.
441 3085 515 3154 Ergo
534 3082 698 3139 doctrinam
717 3099 819 3138 eorum
833 3073 862 3137 et
878 3083 1037 3138 sanctiones
1053 3082 1088 3138 de
1103 3083 1252 3139 codicibus
1266 3083 1326 3140 suis

256 3172 391 3242 eradant;
409 3173 523 3246 utquid
540 3173 583 3227 vel
597 3170 785 3227 membranas
803 3176 955 3244 occupant,
971 3175 1126 3244 postquam
1142 3189 1202 3228 non
1217 3171 1329 3228 haben·

255 3263 302 3316 tur
315 3261 458 3333 acceptae?
474 3249 531 3316 Sed
547 3277 636 3333 quare
651 3262 775 3315 multum
789 3258 992 3329 immoremur,
1009 3277 1075 3315 cum
1091 3277 1144 3316 nec
1164 3261 1241 3332 ipsas
1257 3261 1330 3318 divi·

260 3366 314 3404 nas
328 3348 489 3421 Scripturas
505 3349 576 3405 Novi
592 3352 620 3404 et
633 3347 742 3403 Veteris
755 3348 931 3403 Testamenti
947 3347 1009 3420 jam
1029 3347 1195 3421 recipimus,
1216 3349 1241 3405 si
1259 3351 1330 3406 istos

255 3435 422 3494 duxerimus
445 3437 624 3493 audiendos?
646 3437 764 3492 Etenim
783 3440 919 3492 neutrum
937 3436 1042 3492 horum
1058 3437 1088 3492 in
1109 3436 1208 3493 codice
1234 3439 1327 3496 eccle·

255 3516 439 3581 siasticorum
453 3541 598 3580 canonum
611 3525 734 3581 habetur
746 3524 899 3582 insertum.
920 3524 975 3579 Sed
993 3524 1159 3598 responsuri
1178 3529 1245 3582 sunt
1266 3527 1327 3598 isti,

256 3613 305 3687 qui
325 3631 384 3670 non
402 3613 440 3670 ad
461 3613 654 3670 obediendum
672 3613 769 3685 potius
785 3629 873 3686 quam
888 3613 925 3669 ad
940 3613 1133 3670 resistendum
1147 3630 1268 3687 semper
1278 3633 1330 3689 pa·

254 3909 259 3914 .
285 3849 309 3898 l.
327 3846 380 3895 lloc
394 3843 446 3894 loco
461 3843 528 3894 deest
546 3842 648 3909 aliquid,
668 3841 732 3908 quod
751 3843 811 3892 mihi
832 3859 861 3894 ex
879 3843 1008 3894 llincmaro
1026 3843 1178 3896 Laudoueusl
1191 3847 1321 3899 restituere

253 3923 319 3975 licet.
335 3922 398 3974 Nam
408 3924 471 3991 apud
484 3923 553 3975 illum
563 3929 617 3989 post
627 3937 709 3975 vocem
723 3923 859 3988 pricileqio
872 3923 906 3972 sic
919 3923 1071 3974 continuatur
1080 3926 1168 3975 oratio:
1180 3928 1321 3978 «Romane

254 4006 317 4056 sedis
331 4004 362 4055 ab
370 4005 409 4054 his
418 4003 514 4054 defendi
526 4004 684 4068 conspiciunt,
697 4001 822 4067 repudiare
834 4002 874 4052 illa
884 4003 1007 4054 festinant.
1022 4005 1082 4064 Quo
1092 4003 1206 4056 videlicet
1221 4005 1323 4072 privile-

254 4085 295 4147 gia
308 4089 374 4135 tanto
392 4099 435 4134 nos
451 4102 473 4147 r,
487 4089 535 4134 etc.
554 4084 686 4150 (sirmond,
702 4083 834 4133 lliucmori
848 4097 934 4149 opera,
949 4089 968 4132 t.
984 4084 1016 4147 ll,
1031 4098 1056 4148 p.
1071 4085 1139 4149 om.)

285 4168 309 4218 2.
327 4164 401 4215 Vides
414 4170 441 4214 ut
454 4169 590 4214 constanter
603 4170 707 4226 agantur
721 4161 852 4212 decretales
867 4163 999 4227 priscorum
1009 4178 1135 4230 paparum.
1191 4180 1194 4189 ·

284 4247 309 4295 3.
325 4245 380 4294 Non
393 4246 504 4295 hocerat
520 4245 615 4294 omnino
630 4244 754 4294 Gallorum
769 4243 940 4309 lllncmarique
949 4243 1077 4306 excusatio,
1092 4244 1133 4294 sed
1150 4259 1204 4296 eam
1216 4235 1330 4298 Aureu-

255 4323 314 4388 sius,
326 4338 375 4389 quo
386 4323 481 4376 facilius
498 4323 627 4389 refelleret,
641 4323 790 4390 aliquantum
802 4324 929 4376 immutare
944 4338 991 4376 non
1005 4323 1132 4377 ductura.
