2960 5052
267 461 297 510 to
689 457 913 508 PROOEMIUM'

268 603 399 670 babent
412 600 563 686 fingere,
574 598 632 668 vel
648 600 875 668 Hinomarnm
893 599 931 666 in
946 617 1069 668 amore
1083 596 1231 683 versari,
1249 617 1333 666 cnm
1356 646 1364 664 .

269 723 444 792 existimat
480 721 707 790 Anastasinm
749 722 964 790 cardinalem
1001 723 1044 790 ab
1078 720 1255 790 Hadriano
1299 723 1333 787 Π

271 851 428 916 creatum
468 865 551 914 esse
585 846 899 931 bibliothecarium,
946 847 1003 914 vel
1038 846 1127 914 duos
1167 844 1334 932 ejusdem

269 969 419 1039 nominis
446 970 542 1040 viros
574 971 797 1040 bibliothecae
824 975 995 1040 Romanae
1016 969 1085 1038 illis
1113 969 1333 1057 temporibus

268 1093 469 1182 praefuisse.

315 1238 349 1287 a.
369 1222 455 1287 Haec
468 1218 600 1307 placuit
611 1218 867 1287 recentioribus
876 1219 1007 1306 ah'quot
1018 1218 1146 1287 criticis
1156 1217 1338 1307 posterior

272 1341 467 1428 enodatio',
489 1363 558 1431 qua
580 1343 721 1431 quidem
739 1344 834 1412 haud
857 1343 931 1412 scio
951 1363 1009 1429 an,
1033 1348 1181 1431 excepta
1198 1342 1333 1430 priore,

271 1467 357 1535 nihil
384 1467 572 1555 quidquam
596 1467 772 1536 infelicius
801 1467 996 1554 excogitari
1015 1467 1140 1556 possit.
1170 1471 1271 1552 Nam,
1294 1471 1338 1534 ut

273 1612 396 1662 eorum
420 1591 625 1679 conjectura
650 1594 730 1678 sert,
757 1593 945 1681 presbyter
971 1594 1004 1661 S.
1030 1592 1187 1661 Marcelli
1208 1590 1337 1660 biblio-

272 1720 412 1785 thecam
436 1716 599 1785 ecclesiae
624 1721 795 1785 Romanae
824 1736 917 1785 anno
945 1716 1058 1804 primo
1088 1715 1255 1784 Hadriani
1280 1713 1338 1783 ΙΙ*

273 1841 438 1926 rexisset,
473 1841 683 1910 Anastasius
717 1843 827 1909 abb‘as
860 1841 1100 1909 tantummodo
1129 1847 1211 1928 post
1237 1839 1340 1927 jndi-

275 1967 363 2035 cium
388 1985 431 2034 aa
455 1966 784 2035 condemnationem
803 1965 1012 2054 presbyteri,
1039 1965 1163 2052 idest,
1184 1970 1267 2052 post
1287 1968 1339 2034 IV

274 2091 352 2160 idus
387 2091 521 2160 mensis
558 2090 711 2160 octobris
747 2109 778 2159 a.
819 2088 914 2158 868³.
951 2092 1015 2159 Ast
1057 2097 1186 2175 antem,
1217 2109 1341 2177 quem-

275 2215 463 2283 admodum
482 2214 613 2301 liquido
633 2218 772 2282 constat
792 2214 1019 2282 Anastasium
1045 2216 1218 2297 abbatem,
1243 2213 1341 2281 inter

275 2336 396 2405 ultima
422 2335 591 2403 Hadriani
616 2341 647 2405 ΙΙ
674 2342 845 2427 tempora,
868 2337 1117 2406 bibliothecam
1139 2341 1342 2406 Romanam

275 2459 565 2529 administrasse⁴
579 2459 676 2550 (mox
690 2462 782 2530 enim
799 2462 835 2530 in
854 2461 1004 2548 gratiam
1021 2460 1197 2549 pontificis
1219 2460 1340 2529 redie-

274 2588 331 2652 rat
339 2581 375 2672 5Ι,
389 2583 438 2651 ita
449 2583 576 2671 ipsum,
595 2584 626 2672 ej
631 2586 755 2654 usdem
769 2586 993 2674 pontificatus
1007 2585 1192 2674 principio,
1208 2585 1244 2653 in
1258 2604 1342 2652 mn-

276 2728 363 2777 nere
386 2707 463 2796 jam
486 2708 742 2778 bibliothecarii
764 2711 891 2791 luisse,
918 2730 964 2778 ex
989 2709 1095 2779 certis
1133 2709 1341 2778 auctoribus

276 2833 500 2903 manifestum
515 2839 581 2903 est.

309 3040 331 3088 Ι.
354 3037 398 3088 Ex.
418 3050 455 3098 gr.
479 3036 535 3087 Joh.
554 3036 669 3088 Mobillon
683 3035 805 3102 (Annales
818 3036 918 3087 ordinis
936 3038 964 3086 S.
987 3037 1125 3102 Benedicti,
1146 3041 1167 3085 t.
1187 3038 1229 3099 ΙΙΙ,
1250 3051 1275 3101 p.
1286 3037 1343 3099 85),

278 3119 308 3168 D.
322 3114 419 3167 Ceillier
433 3115 554 3180 (Histoire
567 3116 685 3182 atnerala
700 3117 744 3166 des
757 3120 862 3167 auteurs
876 3122 968 3180 sacres,
983 3125 1002 3166 t.
1017 3118 1082 3178 xlx,
1099 3131 1123 3181 p.
1137 3116 1202 3181 ΙΙΙ).

309 3198 332 3246 2.
346 3198 365 3246 A
379 3210 461 3245 mensa
473 3197 530 3246 circ.
543 3196 597 3246 dec.
607 3213 630 3246 a.
647 3198 692 3246 snt
707 3195 737 3246 ad
750 3210 826 3246 mens.
842 3206 891 3246 oct.
910 3211 935 3246 a.
954 3198 1008 3246 868.

309 3277 334 3325 8.
347 3277 404 3326 Hac
418 3273 447 3326 de
462 3276 587 3326 Anastasio
601 3277 687 3326 abbata
701 3277 726 3326 Ι.
741 3276 856 3327 Mahtllon
871 3291 877 3325 :
894 3293 907 3324 a
921 3275 1115 3326 bibliothecarius
1127 3281 1213 3326 sancte
1228 3276 1346 3326 Romanae

278 3354 382 3404 ecclesie
391 3356 468 3406 tactus
476 3355 507 3405 ab
515 3356 566 3421 ipso
575 3355 704 3418 Hadriano,
710 3363 762 3422 post
767 3361 944 3408 exauctoratum
951 3355 1150 3406 scilicelalterum
1158 3356 1318 3408 Anastssinm.
1328 3375 1345 3403 ι

279 3435 391 3500 opali,
408 3451 435 3500 p.
453 3437 495 3486 35.

310 3517 334 3566 Ι.
349 3516 381 3565 V.
400 3529 471 3580 snpra
493 3516 532 3580 (p.
554 3518 579 3580 5,
603 3531 628 3567 n.
652 3517 677 3580 Ι)
699 3517 879 3582 Prasatimaem
902 3517 930 3567 in
954 3517 1087 3581 synodum
1113 3519 1240 3579 manain,
1266 3529 1345 3580 qnam

279 3594 420 3646 Anastasius
429 3593 549 3645 Hadriano
560 3610 627 3660 pape
639 3596 767 3660 inscripsit,
782 3597 844 3646 inter
857 3611 880 3645 a.
891 3598 987 3658 sto-ta,
1002 3611 1059 3645 cnm
1074 3596 1124 3646 heic
1137 3595 1240 3660 synodus
1257 3599 1346 3646 octava

279 3675 390 3740 Byzantii
409 3675 492 3725 habita
511 3676 543 3726 sit
559 3690 574 3724 a
589 3690 671 3726 mense
689 3677 779 3727 octobri
798 3691 823 3726 a.
844 3679 890 3728 869
909 3675 939 3726 ad
951 3690 1059 3726 mensem
1077 3676 1222 3726 februarium
1240 3690 1263 3724 a.
1284 3676 1344 3726 810.

280 3756 312 3807 V.
326 3757 390 3806 Acta
404 3768 474 3806 coac.
489 3769 580 3808 oewm.
605 3755 671 3818 Vlll,
686 3760 733 3805 act.
754 3768 762 3805 1
782 3761 807 3804 at
824 3769 850 3819 x,
869 3770 909 3820 sp.
925 3756 1018 3819 lligne,
1038 3761 1056 3806 t.
1075 3755 1184 3819 CXXlX,
1195 3770 1220 3819 p.
1235 3756 1275 3818 28,
1286 3755 1345 3804 ΙΙΙ.

281 3835 345 3895 Quin
364 3837 422 3899 imo,
442 3834 582 3887 Anastasius
598 3839 686 3898 noster,
702 3849 814 3885 enarrans
827 3851 855 3886 aa
868 3851 922 3901 qua
937 3837 989 3901 ipse
1006 3835 1121 3900 Byzantii,
1136 3834 1234 3884 ineunte
1250 3849 1273 3884 a.
1285 3835 1345 3896 ato,

281 3921 372 3978 egerat,
382 3915 411 3966 de
421 3930 446 3966 se
460 3915 493 3964 ita
506 3914 629 3980 loquitur:
643 3931 656 3960 a
674 3914 763 3964 Verum
772 3929 818 3977 ego
831 3916 873 3980 qni
888 3917 1001 3966 Romane
1017 3913 1169 3965 bibliothece
1181 3927 1263 3964 curem
1275 3927 1347 3974 gere

282 3992 347 4053 bem,
365 3996 471 4045 studium
490 3994 563 4045 habui
581 3993 823 4059 aconstentinopoli,
837 4012 850 4042 u
864 4000 914 4044 etc.
934 3995 1067 4060 (Anastasii
1079 3995 1152 4046 Notae
1166 3994 1195 4044 ia
1206 3994 1267 4057 Syn.
1283 3995 1344 4052 oet„

282 4072 374 4136 lltgne,
393 4080 417 4124 t.
436 4075 549 4138 CXXIX,
566 4089 592 4140 p.
613 4073 665 4139 ³9).
696 4075 730 4124 ΙΙι
754 4087 801 4139 quo
823 4074 928 4124 allicitur
953 4081 979 4125 nt
1001 4074 1141 4126 Anastasius
1165 4073 1255 4138 abbas,
1276 4079 1348 4122 ente·

281 4165 355 4218 qnam
373 4154 603 4222 Constantinopolim
623 4154 820 4219 proficisceretur,
842 4152 867 4204 ld
889 4159 935 4215 est,
952 4170 975 4206 a.
992 4158 1048 4219 868,
1065 4153 1237 4206 biblothecarti
1254 4167 1348 4203 munus

282 4231 378 4282 obierit.

315 4314 338 4363 5.
352 4313 383 4363 V.
397 4312 469 4378 huius
482 4313 537 4364 libri
551 4329 575 4366 c.
588 4327 634 4367 vn.
