2960 5052
263 388 293 434 56
406 386 664 436 ANASTASIANI
685 384 835 434 lNGENll
855 384 973 434 Pllllllb
995 383 1185 433 FAClNORA

265 528 417 616 pontifex,
441 537 479 596 ut
498 529 697 596 desertorem
722 527 949 615 presbyterum
973 525 1013 594 ad
1042 527 1209 595 ecclesiam
1230 547 1322 593 suam

263 644 443 729 reduceret,
457 643 678 730 elaboraverit,
692 664 791 731 quam
808 643 944 728 crebris,
965 662 1064 728 quam
1079 641 1198 710 severis
1220 643 1322 729 poenis

264 779 340 826 eum
356 757 559 844 percusserit.
580 757 655 824 Tria
675 759 764 825 enim
783 756 931 842 concilia,
947 756 1125 844 eademque
1141 765 1173 825 et
1187 777 1322 823 numero
1415 785 1419 792 ⁵

264 883 296 940 et
306 873 464 959 dignitate
478 873 701 960 episcoporum
715 872 901 959 conspicua,
917 892 988 960 quae
999 873 1037 938 de
1049 871 1215 938 Anastasii
1229 891 1322 938 eausa

265 995 454 1074 statuerent,
474 976 539 1054 Leo
555 987 602 1055 IV
624 986 810 1055 convocavit
821 988 959 1075 ipseque
975 1007 1118 1074 praesens
1138 986 1322 1053 moderatus

265 1111 336 1170 est:
353 1103 496 1189 primum
508 1102 653 1191 quidem,
670 1101 795 1188 Rome,
811 1123 897 1169 anno
908 1105 985 1187 850,
1005 1102 1128 1169 mensis
1142 1100 1323 1169 decembris

265 1218 316 1284 die
344 1227 429 1286 sexto
454 1219 593 1305 decimo,
618 1218 652 1284 in
681 1239 745 1304 quo
768 1219 856 1286 huuc
879 1215 915 1285 S.
936 1216 1076 1284 Marcelli
1099 1215 1324 1304 presbyterum

266 1321 1322 1422 sacracommunioneprohibuit¹3secundumdeinde,Ravenna,

267 1470 352 1516 anuo
371 1451 448 1536 853,
473 1448 596 1517 mensis
614 1448 692 1518 Maii
713 1449 765 1516 die
780 1448 1045 1535 undetricesimo,
1065 1447 1164 1535 quod,
1185 1448 1325 1514 instante

265 1563 429 1651 pontifice,
451 1563 593 1632 severius
616 1563 715 1631 etiam
738 1563 900 1630 consuluit
922 1573 1018 1650 atque
1032 1562 1245 1630 Anastasium
1267 1562 1325 1630 sub

267 1678 480 1748 anathematis
492 1678 621 1746 vincula
635 1678 773 1766 conjecit
786 1675 818 1766 ²3
847 1677 978 1746 tertium
999 1676 1153 1764 denique,
1177 1675 1326 1763 generale

265 1795 452 1884 concilium,
473 1815 509 1863 ac
529 1793 641 1862 Romae
660 1794 793 1881 iterum,
810 1793 924 1861 eodem
938 1814 1024 1861 anno
1044 1793 1326 1879 stacionensis

266 1910 447 1979 decembris
461 1920 583 1998 octavo,
595 1910 630 1977 in
641 1909 810 1978 basilicam
822 1906 858 1976 S.
871 1908 960 1976 Petri
974 1916 1222 1995 congregatum,
1236 1907 1327 1995 cujus

267 2027 427 2094 sententia
454 2027 507 2093 hic
531 2026 602 2112 jam
634 2023 966 2093 excommunicatione
997 2033 1093 2111 atque
1124 2025 1328 2092 anathemate

267 2143 434 2229 perculsus
444 2140 612 2227 presbyter
627 2161 645 2207 a
659 2138 835 2208 sacerdotio
850 2139 983 2206 tandem
999 2139 1044 2205 ita
1061 2136 1205 2226 dejectus
1217 2147 1280 2225 est,
1294 2147 1329 2204 ut

269 2257 378 2323 nullus
392 2256 421 2323 ei
434 2254 586 2341 deinceps
602 2255 816 2321 restitutionis
834 2254 923 2321 locus
938 2254 1176 2340 relinqueretur
1186 2251 1211 2322 ³.

316 2369 377 2435 Per
392 2388 495 2435 annos
511 2368 624 2435 saltem
635 2369 794 2456 quinque,
807 2367 873 2436 Leo
887 2367 932 2437 lV
948 2369 989 2435 ab
1004 2369 1217 2436 insectatione
1231 2368 1328 2456 hujus
1357 2438 1360 2448 ,

269 2483 396 2570 fugitivi
420 2503 485 2549 non
508 2482 705 2571 conquievit,
726 2484 903 2570 legationes
922 2485 1082 2552 solemnes
1103 2483 1143 2550 ad
1163 2505 1240 2551 eum
1254 2484 1330 2550 mit-

269 2597 401 2686 tendo⁴,
423 2598 548 2684 regiam
569 2607 761 2686 potestatem
781 2600 823 2666 ad
846 2599 1002 2666 auxilium
1016 2599 1213 2686 devocando,
1236 2598 1328 2666 modo

270 2713 477 2782 Hlotharium
501 2714 743 2802 imperatorem,
770 2715 866 2781 rnodo
890 2713 1116 2783 Hludowicum
1136 2712 1207 2801 eius
1225 2714 1328 2780 lilium

270 2829 362 2897 enixe
387 2827 543 2916 rogando,
576 2839 614 2897 ut
645 2827 782 2897 manum
820 2827 994 2896 Anastasio
1026 2827 1200 2915 injicerent
1237 2829 1329 2915 vique

270 2943 425 3011 ducerent
438 2944 479 3011 ad
493 2943 668 3010 concilium
677 2941 701 3010 ⁵.
716 2943 762 3011 At
768 2943 878 3012 omnis
888 2943 1000 3011 irritus
1011 2942 1114 3011 labor.
1125 2943 1328 3029 Anastasius

271 3066 378 3142 spreta
390 3058 511 3126 summi
529 3057 691 3145 pontificis
706 3057 906 3142 auctoritate,
929 3057 969 3124 ad
982 3055 1146 3144 judicium
1161 3077 1330 3145 nunquam

303 3217 326 3264 l.
342 3215 375 3264 V.
389 3213 451 3264 Aeto
467 3228 535 3267 conc.
552 3216 621 3265 llom.
640 3229 667 3264 a.
686 3217 731 3265 833
746 3213 805 3264 bob.
824 3213 921 3279 (dolati,
936 3215 980 3278 lx,
1003 3215 1083 3281 1135),
1105 3221 1131 3266 et
1144 3215 1248 3266 romum
1264 3227 1331 3266 conc.

270 3295 381 3344 bovena.
393 3308 419 3344 u.
431 3295 476 3344 853
488 3295 576 3359 (Perta,
589 3296 609 3357 l,
624 3294 689 3358 178).
702 3294 741 3345 Cf.
755 3293 824 3353 lade,
836 3295 951 3358 depasta,
959 3309 984 3358 p.
997 3297 1054 3346 233.

301 3375 326 3422 2.
341 3373 373 3423 V.
389 3373 492 3422 Tamum
506 3387 572 3424 conc.
590 3373 700 3424 ducena.
714 3389 740 3424 α.
751 3375 805 3438 853,
821 3363 844 3423 l.'
854 3388 876 3422 c.

301 3457 326 3504 3.
343 3453 374 3503 V.
384 3452 523 3503 Actaeone.
532 3454 603 3503 llom.
613 3467 638 3502 o.
652 3454 706 3514 853,
718 3453 736 3503 l.
744 3469 776 3515 c.‚
788 3460 813 3503 et
823 3455 903 3504 Vitam
914 3454 1004 3504 Leonis
1012 3456 1054 3517 IV,
1066 3469 1088 3503 c.
1097 3466 1152 3504 xcrr
1163 3451 1281 3518 (vignoli,
1289 3453 1332 3515 lll,

271 3534 361 3597 128-9).
376 3532 415 3583 Cl.
428 3531 497 3594 lant,
508 3546 534 3595 p.
548 3534 603 3583 233.
614 3532 693 3595 Atque
706 3532 730 3581 in
743 3533 824 3582 codice
835 3534 938 3598 quodam
954 3534 1094 3584 londinensi
1105 3533 1211 3597 pluroax
1221 3533 1333 3596 Repsstro

270 3611 358 3663 Leonis
373 3613 407 3664 lV
427 3617 537 3677 excerpta
552 3625 633 3660 recens
648 3612 745 3662 inventa
758 3619 841 3662 sunta
856 3615 882 3663 P.
898 3612 988 3675 Euald,
1007 3614 1071 3662 iuter
1090 3629 1143 3677 qua
1164 3627 1209 3661 una
1226 3619 1263 3662 est
1281 3612 1332 3676 epi·

198 3705 203 3718 ¹
270 3693 330 3742 stola
343 3693 373 3742 ad
387 3693 449 3742 banc
463 3692 579 3756 synodum
594 3697 712 3754 spectans.
727 3694 759 3742 V.
772 3695 854 3742 Neues
865 3693 957 3743 Archiv
966 3693 1007 3742 der
1025 3693 1191 3756 decollecbufl
1200 3694 1246 3757 ptr
1255 3692 1334 3742 cillere

270 3772 390 3824 deutsche
404 3771 641 3834 Gescbicbtekunde,
652 3777 670 3820 t.
686 3773 718 3834 V,
731 3786 755 3835 p.
770 3774 825 3835 388,
840 3788 865 3822 u.
875 3775 915 3822 30.

300 3852 325 3904 l.
343 3867 357 3898 c
371 3851 417 3912 Qui
433 3849 595 3916 (Anastasius)
607 3849 688 3898 venire
700 3849 771 3898 vellet
784 3864 862 3914 neque
875 3866 919 3915 per
931 3850 1072 3916 apostolicas
1086 3850 1186 3913 litteras,
1200 3864 1278 3914 nequa
1294 3863 1336 3914 per

269 3935 319 3980 tres
332 3936 428 3982 vocatus
440 3931 573 3995 episcopos,
595 3928 720 3980 Nicolaum
734 3929 855 3993 videlicet,
878 3931 1045 3980 petronacium
1062 3936 1087 3980 et
1099 3933 1225 3980 loannem.
1238 3947 1250 3974 u
1280 3930 1335 3980 Vitu

271 4009 357 4060 Leonis
384 4011 551 4076 lV(Vignoli‚
575 4015 594 4059 t.
620 4011 662 4073 lll,
678 4024 703 4074 p.
724 4009 788 4073 129).
814 4011 853 4060 ct.
870 4011 957 4060 Leonis
975 4013 1010 4062 tv
1034 4010 1178 4075 Epistolum
1195 4010 1335 4059 admissos

271 4088 454 4152 imperatorum
465 4092 562 4156 (coleti,
572 4098 592 4144 t.
601 4091 643 4154 lll,
654 4105 679 4154 p.
691 4089 770 4153 1135),
780 4095 805 4138 et
814 4090 897 4154 Epist.
907 4091 944 4140 od
954 4094 1119 4142 Acastusium
1130 4089 1210 4154 (ibid,
1220 4105 1243 4154 p.
1254 4089 1333 4150 1136).

302 4171 326 4222 5.
343 4170 370 4221 V.
387 4171 470 4220 Leonis
486 4173 517 4225 lV
536 4173 617 4238 Epist.
636 4173 672 4222 od
692 4172 781 4220 missos
803 4172 984 4234 imporatorum
1003 4172 1099 4237 (Coletl,
1114 4179 1133 4226 t.
1149 4173 1190 4233 tx,
1208 4186 1235 4234 p.
1250 4171 1329 4232 1133),

271 4253 296 4300 et
306 4249 369 4300 A'clc
380 4263 449 4302 conc.
464 4253 531 4304 dom.
546 4268 572 4304 u.
586 4255 630 4304 853
648 4252 728 4316 (ibid,
743 4267 768 4316 p.
782 4250 863 4315 1131).
