2954 5050
447 467 611 520 ausurus
633 467 877 521 oscuuurrua
1018 539 1020 543 Ι
1145 469 1192 524 aer

126 612 230 681 raut1.
251 611 298 679 Ex
313 632 379 700 quo
393 611 489 679 uobis
503 612 617 698 etiam,
631 611 781 699 quemvis
794 611 943 700 quaedum
957 632 1046 682 nuuc
1060 621 1193 700 pateant

126 748 200 816 quae
220 737 295 796 ente
317 715 411 798 eraut
436 726 613 813 recondite,
638 727 713 796 licet
737 737 848 797 umen
869 737 966 817 atque
987 749 1119 816 aequum
1144 739 1194 798 est

125 842 299 912 Nicolaum
323 843 360 910 in
386 863 525 912 numero
548 842 711 912 clarorum
733 864 895 932 paparum
916 844 1071 932 retinere,
1093 843 1193 932 idque

127 959 235 1026 solum
262 968 429 1046 optamuS‚
459 967 496 1027 ut
520 957 597 1028 huie
620 967 711 1026 tauto
731 958 877 1045 pontifici
898 979 1005 1048 neque
1026 980 1101 1028 vera
1120 959 1194 1028 leus

127 1073 270 1142 detrecto
292 1073 513 1163 disputatione
535 1083 659 1162 nostra,
686 1093 794 1162 neque
822 1072 902 1143 falsa
925 1073 1031 1144 afficta
1053 1095 1125 1144 esse
1147 1073 1195 1145 vi·

127 1187 256 1258 deutur.

160 1378 183 1425 l.
202 1374 262 1434 Qum
280 1375 345 1424 fame
365 1375 400 1424 ita
421 1374 575 1424 disseminata
586 1370 654 1438 'erat
673 1380 700 1424 ut
714 1373 854 1424 Hlotharius
876 1389 925 1436 rex,
949 1375 994 1425 etsi
1011 1380 1122 1440 expertus
1144 1382 1196 1426 erat

126 1454 220 1505 Nicolei
233 1455 394 1518 severitatem,
408 1461 489 1504 tamen
503 1453 533 1504 de
546 1453 587 1505 illo
600 1454 714 1519 pontifice
731 1467 808 1518 nuper
826 1453 937 1505 deluucto
953 1455 988 1504 sic
1001 1455 1032 1505 ad
1045 1453 1195 1506 Hadrianum

128 1550 217 1599 papam
231 1536 254 1585 ll
268 1535 390 1601 scripserit
408 1550 416 1586 z
438 1534 529 1587 «Unde
547 1540 633 1584 nostra
654 1534 844 1584 mausuetudinis
857 1535 952 1585 allectio
970 1534 1100 1586 admodum
1122 1536 1196 1598 iuge-

128 1615 242 1676 miecens,
257 1615 354 1677 gemino
368 1614 449 1665 dolore
462 1614 606 1674 concutitur,
617 1614 731 1664 uidelicet
742 1613 807 1678 quod
821 1620 898 1665 mater
914 1615 1023 1664 omnium
1041 1615 1196 1666 ecelesiarum

128 1693 185 1758 Dei,
201 1701 283 1745 sancta
299 1701 324 1745 et
337 1693 465 1760 apostolica
477 1693 592 1757 Ecclesia,
607 1693 651 1744 tali
665 1708 694 1744 se
707 1699 774 1744 tauto
789 1695 866 1746 caruit
882 1696 962 1756 Patre,
980 1699 1052 1760 atque
1068 1697 1093 1746 iu
1107 1695 1196 1747 calesti

127 1770 264 1825 Jerusalem
274 1774 372 1825 lucerua
382 1774 468 1825 ardeus
482 1780 507 1826 et
520 1773 604 1825 lucens
618 1775 706 1824 uostris
721 1773 862 1840 periculosis
877 1775 1024 1839 temporibus
1037 1790 1052 1825 a
1065 1775 1197 1825 tauebmsis

128 1854 248 1904 malefidis
266 1855 312 1905 Del
325 1854 415 1905 fluibus
435 1854 467 1904 eit
484 1859 583 1904 remota.
601 1854 652 1904 Nae
665 1853 746 1904 differt
764 1860 792 1904 ut
807 1855 885 1904 omnis
904 1854 1040 1906 Christiana
1062 1855 1148 1918 religio
1167 1855 1197 1905 de

128 1939 199 1984 tauto
212 1934 324 1998 pontifice
338 1933 424 1998 doleat,
438 1939 464 1984 et
479 1933 555 1983 omnis
567 1933 623 1984 ordo
634 1933 807 1984 ecclesiasticus
821 1933 851 1985 de
862 1932 1048 2000 pmdeutissimo
1058 1949 1087 1985 sc
1098 1935 1198 1985 sanctis-

127 2013 192 2063 simo
209 2016 273 2078 Papa
290 2014 470 2077 ingemiscat.»
494 2012 613 2064 lllotharii
625 2013 741 2079 Epistola
754 2015 792 2065 od
803 2013 967 2066 Hadrianum
983 2013 1061 2079 11(u.
1077 2015 1195 2079 Bouquet‚

129 2094 273 2145 Historiens
285 2094 330 2145 des
344 2091 447 2157 Guules,
465 2098 484 2144 t.
502 2093 557 2158 Vll,
573 2085 680 2159 pllio).
