2944 5060
511 434 686 488 FORTUNA
712 435 828 488 vlam
1156 439 1202 490 169

179 579 255 648 tam
269 598 344 649 vero
359 578 478 648 talibus
495 597 571 648 eum
586 579 749 650 mandatis
767 602 803 650 ac
820 579 948 669 litteris,
962 579 1091 650 circiter
1103 601 1202 651 verno

134 706 282 784 tempore
295 695 372 763 anni
388 697 466 783 872,
486 693 626 764 Romam
641 695 770 766 advenit
787 695 963 784 Actardus,
979 695 1049 785 qui,
1064 700 1203 766 Anasta-

135 811 265 880 sianam
278 820 429 900 expertus
443 811 665 900 calliditatem,
681 833 769 881 nunc
789 813 826 879 in
845 812 997 882 instando
1015 834 1081 881 non
1100 822 1204 882 cessat

134 927 240 997 donec
262 927 407 1014 tandem,
432 925 520 1026 aditu
546 927 585 996 ad
608 928 814 996 Hadrianum
840 938 981 1017 reperto,
1008 950 1074 997 non
1097 930 1203 998 solum

134 1043 259 1111 litteras
288 1064 368 1130 quas
394 1064 412 1111 a
438 1041 552 1113 Garolo
582 1042 679 1114 Calvo
712 1052 808 1132 atque
840 1044 880 1112 ab
914 1043 1073 1134 episcopis
1104 1041 1204 1115 Gallis

133 1158 272 1246 terebat,
287 1159 411 1228 sedeas
424 1159 522 1228 etiam
537 1181 609 1248 quae
623 1168 716 1229 erant
729 1159 766 1228 in
780 1159 955 1229 Franciam
970 1159 1057 1230 sedis
1074 1170 1202 1248 aposto·

135 1274 205 1342 licat
228 1273 362 1343 nomine
383 1274 503 1363 missa,
520 1283 595 1343 aute
620 1275 729 1344 oculos
752 1273 875 1343 summi
897 1274 1058 1363 pontificis
1081 1296 1202 1363 propo·

137 1390 253 1458 suerit.

180 1505 265 1582 Tum
281 1526 434 1594 apparere
446 1505 613 1575 Anastasii
634 1513 740 1574 totum
761 1506 983 1576 mendacium.
1004 1506 1131 1576 Verum
1145 1527 1203 1598 ap-

119 1621 122 1632 '
134 1623 245 1711 paruit
266 1623 366 1691 etiam
386 1631 547 1712 quantum
567 1623 628 1691 iste
652 1623 738 1710 apud
759 1621 926 1692 Romanos
948 1621 1079 1710 valeret,
1103 1612 1202 1713 quam

136 1746 223 1808 esset
234 1737 296 1826 ipsi
310 1739 409 1807 etiam
421 1739 567 1829 pontifici
581 1737 822 1808 formidandus.

181 1853 267 1922 Nam
279 1851 465 1924 Hadrianus
479 1853 523 1942 ll,
541 1855 598 1923 ubi
614 1855 738 1924 litteras
757 1853 1042 1944 sedisapostolicae
1068 1853 1202 1924 nomine

137 1970 179 2038 ab
193 1968 365 2038 Anastasio
380 1969 514 2058 scriptas
526 1971 618 2058 vidit,
633 1973 711 2040 alias
732 1971 865 2060 quidem
881 1969 1046 2040 consessus
1061 1979 1110 2040 est
1124 1970 1200 2059 sibi,

137 2085 219 2153 dum
229 2084 416 2172 agrotabat,
426 2095 591 2176 surreptas
602 2085 713 2175 baisse,
725 2088 803 2155 alias
814 2107 948 2176 prorsus
958 2087 1110 2155 confictas
1118 2106 1202 2154 asse·

137 2202 259 2271 veravit
269 2200 292 2268 ¹.
309 2201 446 2289 Negavit
458 2222 492 2270 se
505 2223 653 2289 unquam
668 2203 709 2270 ab
725 2203 867 2272 amicitia
884 2201 990 2270 Caroli
1012 2201 1098 2288 regis
1113 2199 1202 2270 deie-

138 2319 234 2405 cisse,
250 2317 291 2385 ab
303 2337 341 2386 eo
354 2317 502 2386 videlicet
523 2318 669 2407 principe
687 2339 799 2407 quem,
817 2330 853 2387 ut
867 2320 987 2408 aiebat,
1007 2318 1102 2387 multi
1122 2316 1202 2386 boni

137 2433 359 2523 predicabant
370 2434 529 2522 sapientia
542 2436 736 2523 praecellere,
759 2446 791 2504 et
812 2435 939 2524 justum
954 2436 1072 2522 colere,
1086 2443 1118 2504 et
1133 2433 1202 2502 Deo

138 2550 295 2637 gloriosos
310 2550 416 2617 cultus
430 2549 597 2638 adbibere,
614 2550 649 2617 in
670 2572 736 2638 quo
750 2551 858 2620 inesse
872 2550 1036 2620 terebatur
1057 2551 1200 2639 pruden-

138 2667 232 2753 tiam,
252 2664 515 2753 temperantiam,
535 2664 774 2755 tortitudinem,
798 2665 1000 2735 nobilitatem
1021 2675 1117 2756 atque
1138 2665 1203 2736 ior-

138 2778 263 2848 mam².

183 2896 292 2978 Quid?
316 2897 527 2986 profitebatur
551 2917 586 2967 se
613 2897 649 2966 in
676 2917 713 2967 ea
741 2907 852 2968 mente
881 2918 951 2968 csse
976 2907 1030 2988 ut,
1057 2898 1085 2966 si
1109 2897 1200 2986 prius

137 3115 215 3160 vestro
229 3108 388 3174 suscepimus,
403 3108 472 3160 nobis
486 3114 511 3159 et
524 3110 591 3171 regni
604 3109 678 3160 nostri
693 3110 811 3175 episcopis
822 3125 850 3160 ac
863 3110 1008 3175 primoribus
1018 3110 1048 3159 de
1060 3114 1139 3161 cetero
1153 3123 1202 3160 non

138 3190 285 3241 mandetis.»
301 3189 379 3242 Caroli
391 3189 457 3241 Calvi
471 3190 556 3256 Epist.
566 3191 602 3240 ad
611 3191 777 3242 Hadrianum
786 3193 814 3240 tt
827 3192 928 3256 (Migne,
941 3198 960 3244 t.
973 3192 1083 3256 CXXIV,
1093 3206 1119 3257 p.
1135 3192 1200 3258 895).

138 3271 271 3337 Epistulam
282 3285 338 3322 vero
349 3271 516 3336 episcoporum
530 3286 555 3321 v.
570 3286 649 3336 snpra,
665 3287 691 3337 p.
707 3273 761 3322 193.

169 3356 193 3404 1.
211 3370 226 3401 <r
236 3353 258 3402 Α
269 3351 308 3401 die
323 3351 362 3402 illa
376 3351 408 3416 (a.
423 3350 487 3415 368),
495 3366 543 3416 qna
551 3351 619 3401 vobis
630 3366 672 3416 per
682 3351 807 3415 prosatum
816 3351 916 3402 tratrem
928 3359 1035 3403 nostrum
1048 3351 1200 3417 (Actardnrn)

138 3432 248 3482 mandavi
262 3430 344 3482 fideles
358 3431 475 3482 orationes
486 3438 511 3481 et
524 3432 668 3482 certissimas
681 3432 810 3497 amicitias,
818 3446 941 3497 nunquam
951 3432 1064 3482 aliorsum
1073 3431 1200 3482 declinavi.

139 3510 330 3578 irremotam
340 3511 432 3562 littere
442 3512 535 3562 delator
546 3512 616 3562 vodis
626 3515 689 3562 sunt
703 3512 781 3562 aliter
794 3527 820 3563 se
835 3512 953 3563 dedentes
966 3513 994 3562 in
1009 3514 1149 3578 superficie,
1163 3512 1204 3563 vet

138 3591 275 3656 subreptae,
296 3592 337 3642 oet
358 3607 374 3642 a
394 3591 466 3642 cobis
493 3591 685 3657 infirmantibus
707 3589 823 3658 catomo,
857 3593 897 3642 oet
920 3606 936 3641 n
958 3592 1073 3658 quotibet
1089 3607 1201 3658 persona

138 3673 261 3737 confictu,
275 3672 367 3723 durius
385 3673 528 3723 accinctius
546 3673 700 3724 mordaciter
720 3677 873 3724 sonantes.»
890 3672 1005 3723 Hadriani
1021 3674 1043 3723 Il
1062 3673 1146 3737 Epist.
1165 3672 1201 3723 ad

140 3752 262 3804 Coretum
275 3751 382 3803 Cotocm
393 3753 494 3818 (Migue,
506 3759 526 3803 t.
542 3755 639 3816 CXXII,
655 3769 693 3818 ep.
704 3754 744 3818 tt,
757 3770 781 3820 p.
792 3753 872 3818 1319).
886 3754 918 3803 lta
927 3767 1009 3804 revera
1021 3753 1169 3804 Hadrianum
1177 3755 1200 3804 II

138 3832 287 3898 temporibus
298 3831 346 3882 illis
359 3848 422 3898 supe
430 3848 458 3883 ac
470 3833 574 3896 graviter
584 3840 713 3896 egrotasse
725 3835 914 3884 confirmaturex
923 3833 1009 3883 litteris
1017 3833 1133 3884 lobannis
1142 3833 1200 3885 thl

137 3913 199 3963 infra
212 3913 301 3977 citatis,
311 3929 336 3978 p.
347 3917 402 3977 att,
412 3928 438 3964 n.
447 3917 470 3964 6.
487 3915 637 3979 Quapropter
654 3915 705 3980 ipse
719 3921 801 3980 postea
810 3914 910 3965 Carolus
922 3912 1009 3964 Calvus
1023 3913 1053 3964 ad
1066 3914 1200 3964 iohannem

138 4007 226 4059 papam
240 3993 296 4044 Vllt
312 3994 428 4058 scribens,
440 3993 470 4044 de
481 3994 533 4044 istis
547 3995 662 4046 Hadriani
674 3997 696 4046 ΙΙ
711 3994 797 4045 litteris
809 3995 843 4044 sic
853 4008 986 4044 memorare
999 4008 1047 4043 nou
1059 3993 1176 4044 dubitavit
1192 4009 1200 4044 t

138 4071 242 4121 «missar
255 4077 312 4122 sunt
327 4072 395 4122 nobis
407 4073 475 4136 quasi
485 4087 513 4122 ex
522 4073 658 4138 apostolica
669 4074 742 4138 huius
755 4073 819 4123 sedis
832 4073 972 4123 anctoritate
984 4085 1012 4120 ac
1026 4071 1130 4132 nomine,
1141 4087 1200 4136 quas

137 4151 228 4202 tenoris
246 4151 439 4202 inconvenientia
455 4153 516 4203 banc
540 4159 647 4204 sanctam
668 4159 692 4204 ct
714 4153 909 4204 discretissimam
932 4150 1012 4202 sedem
1034 4166 1081 4202 non
1107 4153 1201 4206 misisse

138 4232 243 4284 ostendit
251 4252 263 4280 o
283 4233 385 4298 (trigue,
400 4239 419 4284 t.
433 4235 540 4297 CXXVI,
557 4251 581 4301 p.
597 4234 667 4300 231).
1057 4246 1062 4254 ’

170 4317 194 4364 2.
212 4314 305 4376 itigne,
318 4319 337 4364 t.
348 4315 446 4381 CXXII,
459 4329 485 4380 p.
501 4317 560 4367 1319
573 4317 603 4377 Β,
615 4318 675 4368 13911
686 4317 715 4367 Α.
