2960 5052
581 399 798 486 rnounuvuru
1191 435 1221 486 as

156 577 389 666 temporibus,
429 577 536 646 latine
578 577 728 646 reddidit
745 575 769 662 ¹,
807 576 1025 664 proloquens
1055 593 1144 664 quas
1175 579 1221 646 ob

154 721 299 783 causas,
341 701 482 772 omissis
520 701 701 771 altioribus
731 700 839 785 curis,
868 699 914 769 ad
941 699 1120 770 scribendi
1146 707 1221 770 stu-

155 826 252 896 dium
275 845 316 895 se
340 827 561 910 contulisset,
592 824 701 893 adid
735 824 924 893 adductum
957 841 1040 892 esse
1070 843 1110 892 se
1137 843 1221 913 pro·

152 953 277 1020 fessus
292 957 360 1035 est,
379 949 461 1039 quia
480 951 644 1018 noluerat
655 949 692 1016 in
707 948 847 1037 majora
860 947 934 1018 suis
948 947 1080 1016 viribus
1094 948 1222 1018 iterum

152 1075 337 1160 invadere,
358 1094 424 1142 nec
437 1073 505 1142 sibi
518 1091 691 1159 arrogare
705 1073 957 1142 inconcessum
975 1071 1220 1158 ministerium,

154 1203 325 1286 expertus
358 1197 494 1266 scilicet
524 1217 647 1264 verum
681 1217 764 1266 esse
790 1197 877 1265 illud
904 1196 1130 1266 Salomonis:
1158 1201 1224 1269 Co·

152 1323 260 1390 mede
275 1320 370 1409 quod
385 1320 514 1388 sufficit
527 1318 600 1405 tibi,
618 1339 663 1390 ne
682 1322 773 1389 sorte
794 1321 941 1390 satiatus
957 1339 1101 1391 evomas
1122 1321 1220 1390 illud.

155 1473 174 1509 «
202 1446 386 1532 cogitante
399 1463 468 1529 me,
481 1444 540 1530 ait,
565 1462 608 1513 ac
627 1444 685 1512 diu
707 1445 811 1514 tacite
838 1443 1057 1534 solliciteque
1083 1464 1223 1515 mecum

153 1570 419 1654 considerante,
448 1568 532 1656 quid
545 1569 580 1637 in
595 1570 701 1639 domo
713 1569 775 1638 Dei
790 1569 1009 1638 commodius
1025 1588 1067 1639 ac
1082 1569 1222 1656 dignius

153 1695 299 1783 operari
312 1713 470 1783 possem,
487 1713 531 1762 ne
544 1711 588 1762 ea
600 1692 763 1762 videlicet
773 1711 1030 1781 praesumerem
1044 1713 1124 1781 quae
1140 1693 1224 1762 mihi

154 1839 203 1888 ex
216 1818 412 1887 ministerio
437 1817 571 1886 credita
585 1836 657 1886 non
673 1823 766 1901 sunt,
783 1835 852 1886 uec
877 1837 1007 1885 rursus
1033 1819 1100 1886 illu
1126 1819 1224 1886 orit

144 1963 282 2031 ‚pereto
297 1963 378 2028 quae
392 1944 567 2029 inpeoioli
586 1944 659 2010 mei
680 1943 778 2010 vires
803 1942 997 2025 excedent,
1028 1941 1223 2010 secundum

153 2067 244 2135 illud
258 2067 456 2136 Salomonis
475 2067 567 2136 :Mel
592 2065 769 2151 invenisti,
799 2065 946 2135 comede
973 2065 1067 2152 quod
1095 2065 1224 2134 sufficit

153 2191 231 2276 tibi,
253 2211 298 2260 ne
314 2193 405 2260 sorte
421 2191 568 2260 satiatus
582 2209 727 2259 evomas
744 2189 846 2273 illud;
864 2195 899 2258 et
912 2189 1016 2258 alibi:
1040 2188 1174 2258 Altiora
1188 2192 1223 2258 te

154 2335 204 2384 ne
222 2315 421 2404 quaesieriS,
450 2320 485 2384 et
499 2315 645 2384 fortiora
661 2321 696 2382 te
711 2333 756 2392 ne
780 2319 957 2382 scrutatus
987 2312 1098 2382 ltreris
1113 2332 1121 2398 ;
1138 2331 1223 2382 ecce

155 2440 273 2509 subito
288 2439 430 2528 quidam
457 2439 591 2508 strenui
604 2458 646 2508 ac
661 2439 809 2508 studiosi
823 2437 889 2506 viri
901 2457 958 2508 me
974 2437 1153 2508 cohortari
1165 2455 1224 2508 vo-

153 2565 300 2633 luerunt
320 2569 357 2632 ut
380 2564 416 2632 in
440 2564 587 2632 latinum
614 2583 816 2632 sermonem
839 2568 1015 2632 verterem
1041 2565 1223 2632 Leontium

154 2690 202 2758 de
215 2690 304 2758 Vitae
319 2688 472 2757 residuis
490 2688 638 2757 loannis
659 2687 888 2756 Alexandrini
910 2684 1103 2758 antistitist
1128 2711 1145 2748 v
1171 2689 1224 2754 Ex

152 2813 270 2902 ipsius
288 2811 395 2898 igitur
419 2811 660 2896 confessione,
684 2812 895 2880 Anastasius
920 2806 1220 2892 bibliothecarius,

153 2937 365 3025 priusquam
379 2936 448 3004 boc
463 2935 571 3004 otium
584 2935 776 3004 litteratum
790 2938 987 3019 exerceret,
1001 2932 1138 3020 majora
1152 2951 1224 3000 am·

152 3061 289 3130 bitione
301 3060 378 3148 jam
394 3061 507 3128 semel
521 3059 743 3148 arripuerat:
763 3058 857 3148 quod
878 3059 983 3128 facile
1003 3057 1220 3143 intelligitur,

154 3185 191 3254 si
202 3203 329 3254 revera
340 3184 433 3253 idem
448 3188 504 3254 est
516 3183 704 3273 presbyter
718 3183 778 3278 qui
795 3203 969 3252 summum
983 3182 1223 3271 pontificatum

155 3313 242 3378 ante
270 3308 403 3397 aliquot
437 3329 550 3378 annos
580 3311 820 3392 affectaverat,
852 3307 981 3396 quique
1007 3312 1084 3376 erat
1107 3325 1153 3375 ex
1178 3323 1222 3374 eo

153 3440 319 3520 tempore
333 3452 354 3502 a
367 3432 581 3502 sacerdotali
594 3431 788 3502 ministerio
803 3431 1011 3520 prohibitus.

205 3561 238 3626 3.
264 3557 411 3626 Accedit
423 3558 573 3646 denique
590 3557 685 3645 quod
699 3556 814 3645 qualis
835 3556 995 3643 arguitur
1011 3552 1223 3624 Anastasius

153 3683 359 3772 presbyter,
386 3681 422 3749 id
447 3685 512 3766 est,
531 3681 751 3766 ambitiosus
778 3679 938 3766 callidus,
963 3679 1221 3758 fraudulentus,

154 3808 267 3875 talem
280 3806 392 3874 fuisse
407 3805 715 3874 Bibliothecarium
728 3805 882 3893 nonjam
894 3804 1020 3890 negari
1033 3803 1104 3870 ullo
1119 3804 1224 3888 pacto

192 4065 217 4112 l.
230 4063 346 4128 inscripta
357 4068 395 4113 cst
404 4079 410 4114 ε
419 4063 463 4113 Ad
473 4061 595 4113 doannum
607 4061 744 4114 Nicolaum
755 4077 849 4128 papum
862 4060 963 4123 (Hisne,
973 4066 992 4110 t.
1001 4059 1111 4123 LXXlll,
1123 4073 1149 4123 p.
1160 4057 1226 4122 ³³8).

154 4144 191 4193 V.
208 4157 261 4207 cap.
274 4155 296 4193 dr
311 4143 383 4207 buJ'us
397 4143 461 4194 libri.

191 4225 215 4271 2.
236 4223 353 4274 Anastaaii
368 4225 492 4288 Proesolio
506 4225 534 4273 in
550 4223 632 4274 Vitam
648 4224 675 4274 S.
690 4222 815 4272 lobannis
830 4221 1030 4286 Eleemosyuurv't'
1042 4221 1144 4286 (iligna,
1157 4216 1227 4277 ibid,

158 4319 186 4368 p.
199 4303 296 4366 stt-9).
