2954 5050
493 395 656 458 nannius
678 408 923 462 osrnnntrun
1196 417 1240 468 rra

172 572 210 619 er
225 549 362 620 concilio
374 547 574 638 sardicensi,
588 552 748 640 appellare
762 551 932 641 episcopus
946 553 1086 644 quisque
1099 565 1237 644 poterat.

178 665 244 734 «Si
267 687 341 754 quae
366 674 494 753 autem,
526 665 572 733 ait
603 665 674 753 ille,
701 687 807 735 causae
833 669 881 736 vel
908 669 1133 740 contentiones
1153 672 1240 740 inter

171 783 306 851 clericos
326 791 393 850 tam
412 780 589 868 superioris
610 780 736 849 ordinis
750 803 852 869 quam
871 783 968 852 etiam
988 784 1152 854 inferioris
1168 785 1241 855 fue-

172 896 241 964 rint
254 906 384 983 exortae,
400 905 450 984 ut,
462 895 644 963 secundum
663 896 826 984 synodum
837 897 1015 982 Nicanam,
1034 901 1240 988 congregatis

172 1011 322 1100 ejusdem
351 1011 525 1099 provincia
554 1010 730 1098 episcopis,
758 1011 910 1100 jurgium
944 1013 1152 1104 terminetur,
1180 1037 1240 1086 nec

174 1127 270 1196 alicui
298 1127 412 1212 liceat,
444 1126 515 1194 sine
540 1124 729 1214 prejudicio
756 1136 866 1196 tamen
895 1126 1052 1198 Romanae
1080 1131 1238 1221 ecclesie,

173 1243 295 1312 relictis
315 1242 367 1309 his
385 1240 607 1309 sacerdotibus
623 1240 680 1328 qui
696 1241 730 1309 in
746 1241 859 1310 eadem
879 1243 1043 1329 provincia
1057 1244 1119 1314 Dei
1137 1249 1239 1316 eccie-

170 1359 256 1426 siam
281 1367 364 1424 nutu
388 1356 499 1424 divino
523 1357 723 1444 gubernant,
745 1356 786 1423 ad
810 1357 888 1426 alias
910 1361 1079 1428 convolare
1106 1362 1240 1450 provin-

173 1474 239 1540 cias
252 1473 273 1540 ¹.
286 1496 303 1537 »
322 1471 464 1540 Tantum
478 1470 691 1539 Innocentius
701 1471 813 1541 aberat
827 1482 862 1540 ut
874 1471 999 1561 judicia
1012 1474 1239 1566 episcopomm

172 1587 305 1676 synodis
326 1587 579 1676 provincialibus
598 1588 777 1676 denegaret
790 1588 915 1675 solique
930 1588 1079 1658 Romano
1093 1592 1239 1679 pontifici

173 1704 375 1773 vindicaret!

219 1818 279 1886 His
290 1829 402 1886 autem
415 1818 455 1886 de
466 1817 572 1886 causis
589 1817 825 1906 episcopalibus
849 1819 1014 1906 expositis,
1041 1819 1130 1888 idem
1159 1841 1240 1909 pon·

174 1934 248 2003 tifex
275 1933 384 2002 statim
411 1932 451 2000 ad
476 1954 589 2001 causas
608 1932 748 2022 majores
762 1933 922 2001 transibat
947 1935 1007 2001 hoc
1022 1935 1119 2002 modo
1139 1958 1148 2006 z
1170 1934 1238 2004 «Si

173 2061 286 2118 autem
312 2047 451 2136 majores
478 2069 582 2116 eausa
601 2049 635 2116 in
651 2049 759 2116 medio
773 2047 896 2116 suerint
908 2048 1109 2135 devolutae»
1135 2059 1196 2119 etc.
1211 2049 1236 2119 ².

173 2166 221 2232 Ex
235 2187 300 2254 qua
313 2163 521 2234 distinctione
535 2185 572 2232 ac
585 2165 744 2233 divisione
753 2163 825 2252 jam
837 2164 1050 2234 manifestum
1061 2175 1122 2252 est,
1137 2165 1240 2234 lnno·

173 2281 272 2348 centii
293 2280 426 2366 quidem
452 2279 626 2366 sententia,
646 2278 772 2367 judicia
796 2280 1021 2369 episcoporum
1053 2302 1117 2348 non
1144 2301 1181 2349 ex
1204 2301 1239 2348 se

173 2397 261 2464 inter
279 2395 404 2484 majora
421 2396 551 2482 negotia
569 2394 678 2463 hahita
701 2394 823 2484 fuisse3
847 2396 935 2483 quod
954 2405 1065 2466 tamen
1084 2396 1239 2466 doctrine

173 2509 507 2580 Pseudo-Isidoriana
520 2510 613 2598 quasi
629 2510 882 2579 fundamentum
901 2522 971 2580 erat
989 2533 1025 2581 ac
1044 2513 1157 2581 robur.
1175 2510 1239 2580 Sed

172 2627 253 2715 quid
271 2627 377 2695 dicam
405 2625 446 2695 de
470 2626 511 2694 iis
535 2647 608 2714 que
628 2629 834 2713 sequuntur?
857 2626 1005 2695 Declarat
1028 2628 1117 2696 enim
1141 2627 1240 2696 Inno-

172 2743 301 2810 centius
320 2762 362 2810 ne
380 2741 520 2830 majores
537 2741 668 2827 quidem
685 2761 798 2809 causas
812 2742 857 2809 ita
872 2741 913 2810 ad
927 2740 1112 2809 Romanum
1128 2743 1238 2830 ponti-

173 2861 267 2927 ficem
288 2857 465 2945 pertinere,
486 2867 524 2924 ut
543 2856 585 2924 ab
609 2857 732 2924 eisdem
753 2855 1002 2944 prejudicandis
1021 2856 1162 2944 episcopi
1183 2857 1238 2924 aiii

172 2973 427 3062 prohibeantur3
441 2981 519 3040 sunt
530 2972 595 3038 illae
608 2971 741 3058 quidem
754 2971 795 3038 ad
809 2963 921 3039 sedem
935 2971 1141 3058 apostolicam
1154 2971 1239 3040 reie-

174 3088 296 3176 rendae,
311 3097 345 3156 at
362 3108 428 3155 non
450 3095 537 3173 ante,
554 3096 592 3154 ut
609 3089 755 3154 voluerat
774 3085 1075 3175 Pseudo-Isidorus,
1096 3086 1153 3154 sed
1167 3096 1240 3175 post

174 3204 353 3293 episcopale
363 3203 526 3291 judicium
542 3225 553 3271 t
572 3201 636 3270 «Si
654 3211 777 3290 autem,
792 3201 911 3288 inquit,
928 3200 1068 3291 majores
1084 3223 1189 3271 cause
1202 3203 1239 3271 in

174 3319 282 3389 medio
295 3319 418 3388 fuerint
431 3318 601 3406 deuolute,
617 3315 658 3386 ad
675 3317 786 3386 sedem
800 3316 1020 3404 apostolicam,
1036 3317 1120 3385 sicut
1138 3337 1238 3404 syno-

174 3438 234 3514 dus
254 3435 379 3524 statuit,
392 3444 468 3526 post
479 3431 649 3523 judicium
667 3431 848 3523 episcopale
866 3431 1113 3501 reseranturtr
1135 3431 1235 3518 Ergo,

173 3554 369 3620 decernente
390 3549 593 3636 Innocentio,
615 3550 650 3615 in
674 3547 751 3634 ipsis
772 3546 963 3636 majoribus,
988 3547 1236 3636 quantomagis

174 3670 208 3736 in
229 3667 336 3736 causis
354 3665 602 3754 episcopatibus,
630 3663 788 3752 episcopis
807 3661 1019 3751 prejudicare
1039 3661 1167 3730 licebat,
1188 3661 1236 3728 lta

174 3781 322 3852 videlicet
343 3781 511 3850 constabat
533 3780 620 3848 inter
645 3778 819 3846 decretales
842 3776 1181 3846 Pseudo-Isidoriauas
1204 3785 1237 3844 et

174 3908 263 3966 certa
281 3896 484 3985 antiquitatis
499 3902 712 3962 monumenta
727 3895 855 3962 nullum
872 3912 942 3961 esse
956 3891 1131 3959 discrimen
1148 3895 1156 3957 i

207 4113 228 4159 t.
248 4108 340 4172 Migne,
352 4114 371 4158 t.
385 4109 440 4171 XX,
452 4123 476 4172 p.
487 4108 576 4168 47233
594 4110 614 4160 t.
631 4105 730 4165 tavit,
745 4117 770 4167 p.
785 4103 840 4152 2t2.

203 4193 226 4241 2.
246 4188 308 4238 ibid.

203 4272 226 4318 3.
246 4268 309 4319 ibid.
