3006 5050
507 447 670 500 PLENIUS
692 447 935 500 ostunntnun
1209 449 1253 499 idi

185 591 361 662 decretales
382 590 576 660 Anastasius
598 594 657 662 hoc
675 592 744 661 loco
760 589 916 679 laudavit,
930 609 976 660 erc
993 565 1071 659 sunt
1091 609 1165 680 quae
1178 601 1254 660 ante

184 707 324 796 iulium,
340 705 381 775 ab
396 706 512 775 uitium
524 706 777 777 Christianitatis
793 705 998 796 antiquitate,
1014 705 1143 798 scriptu
1157 715 1255 795 puta·

185 823 321 892 bantur.

229 941 275 1006 At
286 959 458 1028 ver0,cum
469 957 552 1026 saepe
561 937 603 1006 iis
615 937 805 1007 hominibus
821 937 879 1026 qui
895 956 961 1006 non
977 944 1063 1006 certa
1073 957 1185 1007 rerum
1199 957 1255 1008 co-

183 1055 334 1142 gnitione
352 1053 578 1143 impediuntur
594 1073 631 1122 ac
654 1053 747 1141 quasi
768 1052 1004 1141 includuntur,
1030 1053 1127 1121 latius
1145 1061 1253 1141 pateat

183 1167 370 1257 conjectura
385 1178 417 1237 ct
430 1167 528 1256 fictio,
536 1167 621 1236 dicet
632 1166 767 1236 fortasse
781 1167 918 1253 aliquis:
934 1169 1046 1236 Nonne
1064 1165 1134 1234 ficri
1147 1167 1253 1255 potuit

183 1292 234 1371 ut,
250 1283 374 1352 Nicolai
393 1281 609 1371 temporibus,
624 1282 741 1370 aliqua
767 1281 1071 1369 antiquissimorum
1089 1302 1251 1371 poparum

182 1399 326 1487 epistota
341 1409 374 1466 et
393 1398 514 1468 eaedem
530 1397 653 1487 judicia
670 1397 865 1486 episcopalia
884 1398 1023 1466 summis
1042 1397 1250 1486 pontificibus

182 1515 400 1602 vindicantes,
413 1515 448 1582 in
466 1515 594 1583 archivo
607 1512 756 1582 Romano
773 1514 933 1582 laterent?
955 1513 1072 1582 Nonne
1090 1513 1193 1600 igitur
1211 1512 1251 1582 de

182 1631 236 1698 his
257 1630 393 1698 sinceris
412 1639 445 1698 ct
468 1630 566 1715 veris,
589 1649 654 1697 non
674 1629 715 1697 de
734 1628 817 1697 fictis
836 1637 869 1697 et
891 1627 1249 1717 Pseudo-isidorianis,

183 1747 237 1814 hic
256 1765 353 1831 agere
372 1745 478 1833 potuit
493 1744 710 1814 Anastasius?
724 1783 765 1796 -
779 1746 835 1834 At,
853 1744 880 1812 si
899 1745 1019 1834 scripta
1032 1745 1194 1834 ejusmodi
1213 1745 1247 1813 in

181 1861 379 1930 bibliotheca
404 1860 490 1929 sedis
518 1860 698 1950 apostolicae
725 1859 877 1948 fuissent,
902 1879 962 1928 cur
988 1881 1026 1930 ea
1052 1860 1249 1930 Anastasius

183 1996 355 2062 nunquam
374 1974 569 2043 nominatim
587 1975 770 2064 appellavit,
785 1995 894 2044 curer
910 1975 956 2043 eis
972 1975 1054 2043 nihil
1067 1975 1248 2064 quidquam

181 2089 364 2178 excerpsit?
377 2089 464 2171 Quid
478 2099 527 2159 est
540 2090 641 2179 quod,
650 2090 779 2160 omissis
793 2091 857 2159 iilis
871 2091 1094 2160 monumentis
1109 2101 1141 2160 et
1151 2101 1249 2160 tantae

182 2205 383 2273 auctoritatis
397 2215 430 2274 et
443 2206 490 2275 rei
510 2207 660 2295 praesenti
674 2216 740 2274 tam
753 2207 956 2295 opportunis,
971 2217 1027 2275 aut
1040 2206 1081 2275 ad
1094 2206 1249 2292 ambages

181 2319 378 2409 confugerit,
403 2322 576 2390 autetiam
597 2321 726 2410 furtim,
752 2333 788 2390 ut
807 2322 1029 2413 probavimus,
1054 2330 1249 2410 argumenta

180 2454 241 2502 sua
267 2457 285 2502 a
306 2435 575 2505 Pseudo-Isidoro
589 2437 789 2524 sumpserit?
809 2438 878 2506 Cur
896 2457 956 2506 nec
972 2449 1048 2507 ante
1062 2437 1247 2526 Nicolaum,

182 2571 241 2618 nec
259 2560 344 2638 post,
367 2573 431 2619 non
456 2553 491 2619 in
514 2573 580 2620 una
603 2573 810 2641 quacumque
831 2553 1043 2641 epistolarum
1059 2553 1248 2642 apostolica·

181 2689 269 2748 rum,
285 2667 414 2737 decreta
431 2669 485 2738 illa
499 2669 726 2756 antiquissima
740 2670 960 2739 exhibentur?

226 2781 292 2851 Sed
307 2784 422 2852 demus
435 2784 467 2851 id
480 2784 567 2872 quod
582 2786 671 2852 nullo
685 2784 781 2852 modo
794 2806 908 2853 verum
921 2795 981 2870 est,
1000 2784 1035 2851 in
1050 2783 1247 2852 bibliotheca

181 2897 330 2968 Romana
340 2911 411 2969 tum
425 2901 503 2969 tales
511 2901 685 2970 decretales
692 2901 842 2990 latuisse;
854 2910 887 2969 at
896 2911 982 2970 certe
995 2921 1062 2968 non
1070 2920 1125 2969 eas
1134 2900 1168 2967 in
1178 2901 1247 2988 epi·

180 3018 261 3083 stola
276 3015 317 3082 ad
332 3013 438 3084 Gallos
450 3018 615 3105 episcopos
625 3017 743 3103 agebat
750 3015 957 3102 Anastasius,
969 3036 1036 3084 non
1045 3036 1101 3085 eas
1109 3015 1162 3084 hic
1177 3015 1248 3083 lau·

179 3130 366 3218 dabat,non
378 3131 510 3200 violatas
525 3152 579 3200 eas
594 3131 752 3220 episcopis
765 3129 876 3200 Galliac
888 3130 1096 3220 objurgabat.
1111 3129 1244 3200 Etenim

179 3247 388 3334 Anastasius,
404 3247 443 3315 de
465 3247 585 3334 quibus
606 3247 789 3336 priscorum
810 3267 970 3335 paparum
989 3231 1133 3334 epistolis
1147 3255 1244 3330 essct,

179 3363 214 3430 in
224 3365 283 3431 hac
292 3362 550 3451 cansaRothadi,
559 3363 761 3434 interGaiios
773 3365 938 3453 episcopos
952 3374 984 3433 ct
998 3364 1108 3433 sedem
1119 3373 1247 3450 aposto·

178 3477 276 3545 iicam
297 3479 474 3562 contentio,
490 3479 559 3566 ipsc
576 3478 798 3548 disertissimis
817 3478 925 3548 verbis
943 3478 1158 3566 significavit3
1172 3476 1246 3565 qui-

178 3684 268 3730 tantur.
281 3699 295 3724 »
313 3678 416 3744 (Mignc,
436 3686 456 3729 t.
470 3682 579 3745 cxxvi,
595 3683 685 3748 p.id3,
703 3696 776 3746 quem
791 3683 879 3733 contuli
894 3696 951 3732 cum
964 3681 1046 3732 codice
1056 3680 1195 3742 Vaticano.)
1213 3679 1245 3729 Et

177 3759 242 3808 idem
257 3774 319 3824 papa
331 3759 362 3808 ad
376 3761 470 3810 Grecos
483 3761 606 3826 episcopos
619 3777 625 3812 :
646 3781 658 3808 n
708 3777 762 3812 cum
774 3768 799 3813 et
811 3777 877 3813 sacra
894 3761 993 3812 concilia
1011 3761 1055 3810 sub
1072 3759 1129 3810 sede
1141 3761 1167 3809 b.
1179 3759 1245 3809 Petri

178 3839 341 3904 apostolorum
356 3841 471 3904 principis
486 3842 528 3890 has
539 3842 596 3892 clim
610 3841 742 3908 provincias
754 3843 865 3905 deguisse
877 3849 986 3907 patenter
1002 3841 1112 3903 innuant,
1127 3851 1151 3889 et
1164 3854 1244 3888 rerum

179 3925 304 3980 gestarum
321 3934 336 3968 a
353 3926 435 3970 sancto
449 3921 553 3971 Damaso
573 3937 636 3987 papa
653 3923 786 3986 conscripta
805 3923 930 3972 maniiestc
946 3921 1123 3972 denuntiant.»
1140 3919 1242 3984 (Digne,

177 3998 250 4060 ibid,
261 4014 285 4063 p.
297 4000 363 4063 tot.)
373 4002 404 4052 At
418 4001 521 4051 maxime
532 4003 647 4066 quaeritur
656 4017 715 4052 num
723 4003 829 4068 Reperio
840 4015 956 4067 paparum
970 4005 1027 4049 natu
1037 4001 1156 4063 maq'orum
1170 4014 1244 4064 quam

177 4085 244 4129 essct
256 4080 385 4144 Damasus,
401 4082 426 4130 in
439 4082 582 4132 bibliotheca
592 4085 707 4147 Romana,
719 4083 800 4132 seculo
815 4096 885 4142 nono,
903 4081 1021 4130 inessent:
1038 4079 1102 4144 quod
1118 4094 1187 4129 nemo
1200 4094 1245 4128 nec

178 4161 297 4225 probavit,
315 4177 359 4211 uec
376 4162 476 4212 tortasse
492 4177 596 4227 unquam
616 4163 717 4227 probare
730 4161 827 4227 poterit,
842 4176 897 4210 cum
912 4160 943 4208 sit
955 4159 1006 4209 reri
1023 4159 1126 4209 similius
1140 4160 1245 4225 primum

177 4241 252 4290 inisse
263 4241 394 4290 Damasum
403 4242 445 4307 qui
455 4242 548 4294 litteras
559 4243 700 4308 apostolicas
710 4243 734 4291 in
744 4241 889 4292 bibliotheca
900 4239 1030 4302 diligenter
1039 4240 1128 4292 serrari
1135 4240 1244 4304 jusserit.

179 4319 226 4371 Sed
240 4323 285 4370 hoc
300 4335 340 4370 me
356 4321 451 4382 longius
465 4322 496 4372 ab
509 4323 603 4390 incepto
616 4323 731 4373 traheret.
