2960 5052
257 410 287 458 ld
555 406 604 456 DE
624 405 827 456 nnnsxastt
849 402 1021 467 ORIGINE',

301 552 411 638 Atque
435 549 468 616 id
487 548 621 616 fortasse
636 549 738 615 multo
756 545 863 616 verius
891 547 932 615 de
960 556 1107 636 tempore
1134 548 1188 615 illo
1208 530 1331 617 dicen-

255 667 335 734 dum
347 675 396 732 est
409 685 474 752 quo
485 663 680 731 Anastasius
695 663 902 748 pubescebat,
923 662 1035 748 paucis
1050 663 1210 731 nimirum
1225 666 1328 732 annis

256 790 441 868 postquam,
465 788 571 847 vetere
594 778 633 846 de
659 778 860 864 imaginibus
880 777 1178 846 renascenteinter
1193 777 1327 848 Graecos

257 895 445 983 discordia¹,
456 895 595 963 Romam
608 894 694 962 exire
705 894 826 963 iterum
839 904 1007 981 coeperunt
1021 895 1189 962 orthodoxi
1205 917 1328 964 mona-

249 1011 325 1098 chi,
349 1011 530 1098 iidemque,
560 1020 597 1078 ut
618 1010 758 1092 ridetur,
787 1010 934 1077 doctrina
965 1009 1129 1078 clariores.
1157 1010 1205 1078 lta
1230 1012 1324 1078 enim

256 1127 364 1194 exules
387 1124 488 1194 Graeci
510 1126 550 1192 ad
569 1125 695 1195 Urbem
716 1124 893 1192 allluebant
908 1135 944 1192 ut
958 1125 1020 1191 tria
1040 1126 1101 1192 alia
1121 1127 1325 1194 monasteria

256 1241 378 1309 summi
391 1241 558 1330 pontifices
570 1242 615 1308 eis
630 1238 879 1308 concesserint².
895 1239 989 1321 Quod
1002 1260 1076 1308 vero
1087 1240 1127 1306 ad
1137 1240 1324 1308 doctrinam

231 1443 233 1448 Ι
258 1365 390 1443 spectat,
405 1364 495 1423 tanta
509 1356 550 1423 de
561 1355 680 1423 Graecis
695 1355 861 1422 monachis
873 1354 959 1422 fama
973 1366 1043 1422 erat
1055 1356 1142 1423 inter
1155 1354 1322 1424 Romanos

257 1620 396 1672 verisimile
408 1626 453 1685 est,
468 1619 582 1670 nonnulla
595 1623 647 1684 ejus
660 1621 764 1685 generis,
775 1620 817 1670 sed
828 1623 959 1684 Romanos,
974 1626 1056 1686 utpote
1067 1621 1097 1670 de
1106 1621 1144 1670 his
1157 1636 1243 1686 perum
1257 1621 1323 1670 solli·

257 1703 325 1763 citos,
335 1701 462 1751 latuerunt.
477 1702 582 1766 Etenim,
597 1701 676 1751 seculo
690 1715 766 1762 nono,
783 1703 878 1766 Lupus,
893 1702 966 1751 abbas
980 1701 1149 1765 Ferrariensis,
1164 1701 1322 1752 Benedictum

258 1797 345 1847 papam
363 1783 396 1832 lll
415 1783 506 1844 rogavit
527 1789 553 1832 ut
571 1781 664 1832 codices
684 1781 774 1846 aliquot
789 1783 909 1831 Romanos
927 1783 973 1831 sibi
993 1782 1163 1845 commodaret,
1189 1783 1321 1832 nimirum:

258 1862 362 1913 Tullium
378 1863 408 1913 de
427 1868 528 1926 oratore,
546 1861 672 1912 duodecim
695 1861 768 1910 libros
784 1861 963 1910 institutionum
981 1863 1139 1911 oratoriarum
1169 1862 1320 1922 Quintiliani,

257 1942 297 2006 qui
312 1957 359 1992 uno
373 1957 416 1992 nec
430 1941 522 2004 ingenti
534 1942 656 1991 volumine
672 1940 869 2004 continebantur;
884 1941 971 1990 Donati
986 1941 1184 1991 commentarium
1196 1941 1221 1990 in
1230 1943 1321 1992 Teren·

255 2022 315 2072 tium
329 2029 354 2073 et
366 2022 548 2072 commentarios
563 2021 627 2071 beati
639 2021 777 2084 Hieronymi
793 2020 818 2068 In
829 2021 957 2070 ieremiam
971 2021 995 2070 in
1007 2020 1088 2070 codice
1101 2021 1243 2072 venerandas
1257 2023 1321 2071 veri-

257 2103 313 2152 tatis
337 2104 476 2167 exscriptos.
506 2103 539 2152 V.
567 2103 628 2166 Lupi
656 2100 750 2150 abbatis
777 2101 935 2150 Ferrariensis
957 2101 1100 2166 Epistolam
1126 2101 1161 2150 od
1183 2102 1321 2151 Dominum

256 2184 427 2248 Apostoiieunr
441 2183 607 2245 (benedictum
621 2181 676 2245 Ill),
694 2195 734 2243 ap.
749 2181 842 2244 Migne,
857 2185 876 2230 t.
890 2181 978 2240 CXIX,
993 2196 1017 2244 p.
1032 2184 1086 2231 579.
1102 2181 1155 2229 Non
1170 2195 1209 2229 me
1224 2181 1319 2244 quidem

256 2263 317 2312 fallit
335 2264 429 2325 Lupum
450 2261 626 2310 Ferrariensem
650 2261 735 2310 leniter
756 2275 770 2308 a
788 2260 946 2322 Gregororius
969 2259 1076 2322 irrideri,
1104 2259 1167 2323 quod
1186 2275 1228 2309 eos
1247 2258 1322 2310 libros

257 2343 337 2391 Romae
347 2346 481 2390 asservatos
495 2340 567 2388 luisse
584 2340 628 2388 sibi
645 2340 748 2402 ingenue
762 2341 856 2389 finxerit
870 2343 901 2403 (r.
917 2340 1086 2402 Gregororius,
1100 2340 1186 2390 Gescb.
1202 2339 1228 2389 d.
1244 2341 1320 2390 Stetit

256 2421 326 2481 Rom,
337 2425 357 2469 t.
371 2421 415 2482 lll,
433 2434 457 2482 p.
469 2419 532 2483 tta).
550 2420 653 2469 atvero
672 2421 804 2469 Germanus
822 2421 940 2485 scriptor,
955 2420 973 2469 si
988 2421 1048 2469 hanc
1065 2418 1189 2484 epistolam
1205 2421 1321 2469 attentius

256 2499 408 2562 perlegisset,
428 2504 499 2562 atque
518 2500 543 2547 in
561 2514 590 2548 ea
608 2499 756 2549 observasset
770 2499 883 2548 abbatem
900 2500 1075 2549 Ferrarienscm
1092 2515 1138 2549 non
1152 2500 1230 2549 solum
1244 2506 1321 2549 certos

257 2583 366 2633 auctores
380 2579 517 2643 apontitice
528 2581 634 2629 Romano
645 2579 787 2642 postulasse,
800 2579 841 2629 sed
854 2579 928 2629 etiem
942 2595 981 2628 eos
993 2579 1085 2628 codices
1094 2580 1181 2644 quibos
1196 2580 1231 2628 illi
1245 2580 1321 2630 conti·

256 2659 372 2708 nebantur
389 2665 499 2708 accurate
516 2658 678 2722 descripsisse,
698 2659 806 2722 minime,
818 2665 846 2708 ut
860 2661 953 2723 opinor,
967 2659 1101 2708 dubitasset
1110 2659 1168 2724 quin
1184 2661 1266 2724 Lupus
1280 2674 1321 2708 eos

256 2738 332 2788 solum
347 2740 419 2789 libros
435 2739 482 2788 sibi
499 2738 684 2788 commodandos
697 2738 841 2800 flagitaverit
846 2775 854 2802 ,
870 2754 929 2803 quos
944 2741 993 2802 ipse
1007 2739 1057 2788 suis
1071 2739 1145 2789 oculis
1160 2745 1219 2788 tunc
1238 2741 1320 2789 Roma

255 2819 354 2880 rideret,
369 2835 423 2870 cum
436 2819 557 2882 legatione
570 2817 682 2882 quedam,
697 2825 803 2881 tempore
820 2818 906 2869 Leonis
925 2820 968 2882 lV,
984 2819 1135 2880 iungeretur.
1150 2820 1186 2869 Dc
1198 2819 1242 2868 bac
1256 2820 1319 2883 Lupi

255 2899 375 2961 logatione
384 2899 439 2949 ride
449 2898 558 2949 eamdem
572 2897 697 2960 epistolam
711 2898 788 2962 (ibid,
798 2913 823 2962 p.
834 2901 879 2949 578
894 2899 934 2963 B).
949 2901 1033 2964 Neque
1046 2899 1089 2948 abs
1103 2914 1128 2948 re
1138 2905 1174 2948 est
1188 2899 1227 2948 bic
1239 2899 1321 2963 appel-

255 2979 306 3028 lare
314 2979 447 3028 iohannem
458 2992 545 3042 papam
556 2979 622 3041 VlII,
635 2978 676 3042 qui
690 2977 715 3026 in
727 2978 827 3041 epistole
841 2979 871 3028 ad
884 2979 1050 3029 illudowicum
1063 2979 1231 3043 imperatorem
1246 2979 1320 3028 missa

255 3058 394 3109 Ciceronem
410 3058 493 3108 citarit
508 3058 558 3121 (ap.
574 3057 721 3121 Deusdedit,
739 3058 860 3108 Collectio
874 3073 1009 3120 cononum,
1027 3074 1052 3122 p.
1066 3060 1121 3123 lli,
1140 3073 1194 3108 can.
1211 3060 1275 3122 let),
1295 3059 1320 3108 in

255 3136 302 3187 alia
319 3152 375 3188 rero
392 3137 423 3186 ed
445 3137 568 3201 episcopos
586 3138 655 3199 regni
672 3137 802 3188 illudowici
817 3138 915 3203 scripta,
933 3139 1072 3189 Terentium
1089 3139 1191 3203 (Migne,
1206 3139 1317 3200 cxxvi,

255 3232 294 3282 ep.
307 3219 346 3280 22,
361 3231 385 3281 p.
398 3219 443 3268 cto
457 3217 497 3280 A).

286 3301 309 3348 i.
323 3299 449 3359 Regnante
472 3296 582 3346 videlicet
596 3297 738 3361 imperatore
753 3299 830 3348 Leone
844 3299 876 3360 V,
891 3312 915 3348 a.
937 3299 1062 3358 tta-82⁰3
1076 3298 1107 3347 cf.
1123 3296 1221 3362 Muralt,
1241 3297 1320 3349 Claro-

254 3375 393 3444 noprcpiie
406 3375 551 3442 byzantiae,
566 3384 585 3427 t.
602 3379 622 3439 l,
635 3393 659 3441 p.
678 3380 721 3429 titt
735 3391 789 3442 sqq.

285 3461 308 3508 2.
322 3459 342 3507 1.
365 3472 386 3506 e.
402 3457 536 3506 ooenobium
556 3458 648 3506 Sancta
667 3458 780 3508 Praxedis
804 3473 818 3506 a
839 3456 945 3507 Pascbeii
960 3472 1022 3522 papa
1044 3457 1160 3507 lGraecis
1177 3471 1318 3506 concessum

256 3541 289 3599 (v.
306 3538 389 3588 Vitam
402 3536 533 3586 Poscbalis
546 3539 567 3600 l,
579 3537 666 3600 Vign.,
679 3538 711 3600 ll,
727 3553 751 3602 p.
766 3537 838 3601 327),
852 3538 1024 3586 monasterium
1039 3539 1085 3589 SS.
1099 3537 1215 3600 Stephani
1227 3539 1319 3587 etcae-

254 3618 323 3683 siani,
334 3619 359 3666 in
372 3631 419 3682 quo
434 3633 447 3664 a
459 3623 545 3666 sancta
555 3618 740 3666 conversationis
753 3618 833 3682 plures
843 3619 937 3667 Graecos
949 3632 1039 3679 genere
1051 3616 1155 3666 instituit
1167 3616 1295 3666 monachos
1303 3633 1318 3664 n

255 3699 304 3747 Leo
317 3712 379 3763 papa
391 3698 426 3747 IV
440 3697 473 3760 (r.
486 3698 570 3748 Vitam
581 3698 668 3746 Leonis
681 3698 695 3745 l
700 3698 725 3760 V,
738 3712 759 3746 o.
775 3709 839 3759 xxx,
849 3697 936 3760 Vign,
950 3699 991 3761 lll,
1006 3712 1031 3762 p.
1046 3699 1097 3762 86).
1112 3698 1165 3756 Quo
1180 3711 1237 3746 vero
1251 3702 1319 3745 mm-

254 3792 310 3841 pore
322 3785 373 3829 eta
389 3790 436 3842 quo
448 3777 559 3841 pontifice
571 3776 742 3838 Gregorianum
755 3777 784 3826 ad
799 3777 895 3828 Clirum
907 3777 990 3828 Scauri
1004 3777 1137 3827 cenobium
1149 3777 1236 3826 Grecis
1249 3790 1318 3826 com·

255 3857 354 3907 missum
363 3859 402 3920 sit,
411 3871 460 3906 non
470 3856 555 3920 liquet.
566 3855 602 3919 ld,
613 3855 768 3918 plurimorum
779 3858 904 3920 sententia,
913 3858 1028 3921 Stephani
1040 3859 1062 3907 Ii
1073 3862 1115 3906 eut
1126 3855 1191 3906 Pauli
1201 3858 1212 3906 1
1222 3863 1318 3920 tempo-

254 3937 320 3986 ribus
335 3937 424 3987 isctum
438 3937 512 3986 luerit
528 3939 562 3999 (r.
577 3935 702 3998 Mabillon‚
713 3936 824 3987 Annales
842 3937 871 3986 0.
885 3937 912 3987 S.
929 3938 1070 3999 Benedicti,
1086 3943 1110 3986 t.
1128 3938 1160 3998 ll,
1179 3951 1203 4001 p.
1215 3939 1269 4000 l8t,
1292 3942 1319 3986 et

161 4015 167 4028 '
254 4016 356 4066 editores
365 4031 421 4080 opp.
429 4020 457 4068 S.
467 4016 587 4080 Gregorii,
596 4031 635 4080 ep.
646 4016 736 4079 Migne,
747 4017 844 4080 LXXV,
855 4019 919 4082 256).
931 4018 964 4067 rit
974 4019 1182 4080 meraconjectura
1191 4023 1237 4066 est.
1247 4015 1318 4075 Quod

254 4099 274 4146 si
288 4112 344 4146 vero
365 4097 388 4146 in
408 4100 567 4162 conjecturam
581 4099 615 4147 ire
631 4112 727 4148 necesse
737 4098 791 4162 erit,
803 4114 854 4148 rem
868 4099 981 4149 libentius
994 4100 1109 4161 Gregorio
1123 4100 1156 4148 lV
1171 4099 1317 4148 adscribam.

254 4178 297 4242 (V.
308 4177 425 4227 iohannis
442 4179 533 4228 diaconi
551 4181 632 4230 Vitam
646 4179 673 4229 S.
688 4179 814 4244 Gregorii,
831 4179 873 4229 lib.
885 4181 927 4244 lV,
941 4195 963 4230 c.
977 4191 1158 4242 cxxx-mxu
1171 4193 1210 4244 ap.
1222 4179 1318 4240 Migne,

254 4257 378 4320 ttxxtt,
395 4273 419 4322 p.
435 4259 561 4322 tentat.)
