2960 5052
266 451 296 499 at
689 449 907 501 PROOEMIUM

266 592 424 681 proderit
456 592 600 676 addere,
628 567 709 680 quae
734 592 875 681 quidem
902 611 967 680 per
996 609 1037 658 se
1073 609 1143 658 non
1177 591 1337 660 efficiunt

266 716 495 786 Anastasium
527 716 834 786 bibliothecarium
867 723 903 786 et
931 716 1159 786 Anastasium
1189 718 1335 804 presby·

267 846 381 909 terum
403 841 549 908 eosdem
570 841 696 928 fuisse,
716 813 785 910 sed
796 862 842 911 ex
857 840 984 929 quibus
1008 860 1068 909 res
1086 838 1163 928 jam
1185 843 1336 929 probata

269 966 336 1035 erit
358 965 607 1035 confirmatior.

314 1092 344 1156 l.
356 1089 492 1158 Etenim
503 1089 703 1158 Hadrianus
716 1109 809 1178 papa
821 1092 864 1173 11,
882 1088 1045 1176 quamvis
1055 1088 1091 1156 in
1105 1106 1148 1156 ea
1159 1088 1334 1157 sententia

269 1231 374 1301 quam
393 1213 436 1280 de
453 1212 643 1282 Anastasio
659 1214 883 1301 presbytero,
900 1232 1025 1281 mense
1045 1211 1181 1281 octobri
1200 1230 1234 1281 a.
1253 1215 1332 1298 868,

268 1337 516 1426 pronuntiavit,
531 1339 625 1405 hunc
638 1357 709 1406 non
724 1338 898 1425 explicate
915 1337 1041 1418 dixerit
1052 1357 1200 1406 munere
1214 1337 1335 1406 biblio

268 1461 501 1530 thecariitum
512 1462 682 1549 temporis
711 1464 870 1530 functum
889 1480 986 1542 esse,
1001 1466 1120 1529 tamen
1133 1461 1335 1530 italoeutus

216 1567 224 1582 ⁸
269 1591 325 1654 est
336 1592 375 1653 ut
384 1585 420 1653 id
433 1585 581 1672 intelligi
588 1585 671 1673 Jure
685 1586 810 1674 possit.
836 1590 1009 1674 Namque,
1029 1591 1163 1674 praeter
1190 1586 1335 1673 antiqua

269 1710 440 1792 facinora,
455 1709 584 1779 Leonis
594 1714 641 1780 IV
652 1716 686 1778 et
700 1710 880 1779 Benedicti
893 1713 941 1778 Ill
954 1709 1171 1797 temporibus
1180 1715 1332 1798 patrata,

268 1835 478 1903 Anastasius
492 1835 528 1902 in
543 1836 611 1904 hoo
638 1836 782 1904 decreto
807 1841 997 1903 {recusatur
1022 1834 1116 1922 quod
1141 1853 1181 1902 se
1208 1841 1336 1922 postea

269 1957 448 2027 infidelem
456 1959 660 2047 praebuerit,
673 1960 781 2026 multa
797 1977 842 2026 ex
852 1957 1066 2045 patriarchio
1079 1957 1179 2026 Sedis
1190 1962 1336 2045 aposto-

268 2082 348 2151 licae
363 2083 494 2171 scripta
509 2089 545 2152 et
557 2087 785 2151 monumenta
801 2080 983 2151 furando¹.
1000 2085 1052 2150 Ex
1066 2102 1136 2169 quo
1160 2081 1337 2168 colligitur

268 2207 458 2276 Anastasio
470 2207 681 2295 presbytero
695 2206 731 2272 in
749 2205 999 2274 bibliothecam
1012 2205 1111 2274 Sedis
1127 2204 1337 2293 apostolieae

270 2329 385 2397 aditus
409 2329 596 2414 ahquando
622 2329 808 2417 patuisse:
832 2329 935 2416 cujus
955 2328 1009 2397 rei
1027 2330 1124 2398 nulla
1145 2332 1201 2397 est
1224 2328 1338 2397 admi-

269 2451 359 2519 ratio
375 2451 405 2519 si
419 2451 485 2520 iste
500 2453 687 2540 presbyter
700 2453 793 2522 idem
811 2453 876 2521 fuit
888 2453 958 2541 qui,
974 2453 1118 2522 ineunte
1133 2472 1247 2539 regno
1262 2455 1338 2522 Ha-

271 2574 384 2643 driani
411 2578 455 2662 ΙΙ,
484 2577 602 2646 faetus
632 2582 709 2646 erat
738 2577 1029 2664 bibliothecarius
1064 2576 1229 2646 ecclesiae
1261 2581 1339 2645 Ro-

271 2703 398 2787 manae,
438 2721 614 2790 quemque
649 2707 755 2770 antea
790 2702 956 2771 Nicotaus
983 2704 998 2768 I
1028 2701 1164 2770 socium
1200 2700 1338 2770 laboris

270 2826 454 2896 habuerat.

313 2952 347 3016 2.
373 2954 452 3020 Non
466 2950 583 3019 minus
603 2969 647 3020 ea
668 2951 765 3018 clara
788 2955 869 3018 sunt
886 2969 967 3037 quae
988 2947 1199 3018 Anastasius
1214 2947 1340 3018 biblio·

269 3064 450 3132 thecarius
487 3066 531 3134 de
567 3086 606 3134 se
636 3065 713 3154 ipse
754 3065 958 3135 declaravit.
997 3067 1158 3152 Namque
1195 3064 1231 3134 in
1256 3063 1341 3134 Vita

273 3188 308 3254 S.
351 3188 521 3258 iohannis
562 3188 855 3276 Eleemosynarii,
896 3208 1017 3276 quam,
1056 3188 1194 3259 Nicolai
1230 3208 1339 3278 papae

302 3354 325 3401 l.
343 3367 357 3398 u
372 3351 419 3402 Sed
435 3353 561 3404 infidelitas
580 3357 633 3419 eius
651 3369 715 3405 nuno
731 3355 754 3404 in
771 3361 864 3405 tantum
879 3356 998 3420 apparuit,
1020 3360 1047 3406 ut
1061 3362 1116 3422 post
1137 3354 1339 3420 depredationem

269 3431 407 3497 patriarchii
424 3434 498 3483 nostri
511 3434 702 3500 ablutionemque
714 3435 864 3501 synodalium
875 3436 1054 3500 seripturarum,
1067 3451 1128 3502 quas
1148 3443 1198 3486 tam
1217 3450 1290 3500 super
1310 3451 1340 3486 se

268 3526 342 3577 quam
354 3526 425 3576 super
440 3513 579 3578 hujusmodi
591 3531 606 3564 a
619 3515 775 3566 sanctissimis
794 3514 934 3580 presulibus
952 3515 1052 3565 dirersis
1068 3516 1218 3580 temporibus
1229 3514 1340 3566 decretas

269 3599 399 3657 repererat,
413 3592 589 3643 institutionem
603 3608 699 3660 quoque
713 3595 852 3646 venerandas
866 3593 948 3659 synodi
964 3595 994 3644 ab
1009 3596 1067 3661 ipsis
1081 3595 1170 3648 sanctis
1185 3595 1340 3660 pontificibus

269 3673 355 3722 laetam
369 3679 441 3738 atque
453 3673 499 3722 sub
512 3674 689 3739 interpositione
701 3675 859 3725 anathematis
871 3681 985 3724 retactam
999 3675 1081 3725 uiolari
1098 3675 1166 3726 nohis
1185 3673 1341 3738 subripiendo

268 3754 360 3805 lecerit.
382 3774 394 3802 ι
414 3757 446 3808 V.
466 3755 580 3804 Hadriani
602 3755 624 3804 ll
644 3756 803 3806 Sententiam
822 3756 944 3805 adversus
966 3756 1140 3816 Anneianum,
1157 3755 1180 3804 in
1192 3753 1341 3804 Annalibus

270 3833 403 3899 llinernarr,
412 3851 435 3886 a.
444 3837 489 3886 868
502 3836 592 3900 (Perta,
602 3835 660 3895 SS.‚
669 3841 688 3889 t.
694 3836 715 3896 l,
724 3848 749 3897 p.
758 3836 823 3898 lta).
832 3833 1006 3885 bibliothecam
1013 3842 1094 3886 autem
1105 3843 1130 3886 et
1138 3834 1261 3885 archivum
1268 3833 1342 3886 Sedis

270 3915 413 3978 apostolieae,
439 3914 525 3966 saltem
550 3914 675 3980 usquead
698 3929 748 3963 see.
773 3915 866 3977 x11,in
887 3916 1030 3979 patriarchio
1052 3915 1206 3966 Laterauensi
1227 3919 1342 3979 exparte

269 3989 350 4052 luisse,
364 3997 477 4058 probant,
491 3997 555 4046 inter
568 3994 622 4059 alia,
637 4009 666 4043 ea
683 4008 736 4057 que
751 3993 883 4043 lleusdedit
896 3993 927 4043 de
938 3996 1010 4045 tornis
1024 4002 1049 4045 et
1060 3995 1168 4045 armariis
1191 3996 1342 4046 Lateranas-

269 4068 335 4118 sihus
346 4078 487 4126 memorarit
504 4078 529 4127 in
540 4075 693 4128 collectione
710 4072 931 4136 coronamini
954 4089 976 4124 e.
999 4087 1089 4136 canu,
1101 4089 1126 4140 p.
1145 4077 1202 4136 ³18,
1219 4076 1274 4136 319,
1293 4073 1340 4124 ³21

270 4149 402 4215 (venetiis,
427 4158 510 4221 1869).
535 4161 588 4217 Oua
613 4155 641 4205 de
666 4169 690 4203 re
711 4151 868 4202 consulendus
887 4161 924 4204 est
952 4154 986 4204 ill.
1005 4157 1028 4206 l.
1051 4157 1079 4205 Β.
1100 4156 1131 4204 de
1153 4157 1221 4206 Rassi
1242 4170 1249 4204 a
1274 4151 1346 4204 D'an

270 4233 352 4280 tesaro
362 4231 389 4280 di
403 4241 498 4284 manete
512 4234 703 4301 euplo-sassoni
716 4235 815 4282 trovato
828 4231 889 4282 nell·
900 4235 966 4284 atrio
976 4235 1042 4284 delle
1054 4235 1147 4286 Vestali
1155 4233 1343 4286 Disser·tazione

270 4310 414 4375 epistolare.
428 4315 509 4377 Roma,
526 4321 595 4377 last,
611 4333 635 4382 p.
650 4319 678 4366 ltl
695 4330 748 4378 sqq.
