2954 5050
257 463 302 512 196
344 462 546 514 tnnsvtsll
567 460 758 513 INGENlUM
778 460 825 510 EX
849 459 1050 512 Retsvouts
1070 457 1226 509 nrcoutt
1247 459 1259 508 1

301 605 468 674 Habemus
482 605 584 694 igitur
597 607 692 674 illum
705 605 814 674 virum
827 605 885 693 qui
899 603 1052 673 Wuliado
1073 602 1206 692 ejusque
1222 601 1326 670 sociis

256 719 406 786 animum
430 717 505 787 lacit
524 730 562 788 ut
582 742 710 809 mrsus,
730 730 804 810 post
827 731 896 788 tam
915 720 1113 788 diuturnum
1135 717 1322 804 silentium,

256 833 297 900 ad
319 833 430 901 sedam
444 835 651 922 apostolicam
672 835 884 923 appellarent,
904 834 962 922 qui
982 834 1141 902 auxilium
1158 833 1324 922 pollicitus

255 957 317 1033 est,
333 949 389 1035 qui
409 969 500 1037 spem
520 949 686 1020 vincendae
706 971 811 1020 causac
830 950 1014 1019 ostentavit.
1034 949 1204 1018 Habemus
1222 949 1324 1017 illum

255 1072 421 1133 auctorem
438 1066 495 1153 qui
515 1087 646 1135 summo
664 1067 807 1155 pontifici
830 1076 978 1136 mentem
1002 1064 1101 1155 hujus
1122 1065 1322 1135 retractandi

251 1181 368 1270 judicii
389 1181 490 1250 dedit.
506 1181 568 1251 Hic
582 1193 631 1252 est
642 1184 776 1253 Arsenii
794 1204 914 1253 manus
928 1193 1024 1271 atque
1044 1182 1236 1272 instinctus3
1258 1202 1323 1251 nec

255 1295 378 1365 mirum
400 1307 449 1366 cst
475 1299 503 1368 si
524 1298 623 1388 hujus
645 1300 773 1369 consilii
798 1299 958 1389 particeps
982 1298 1080 1369 fuerit
1104 1299 1320 1386 Anastasius,

255 1412 283 1480 si
297 1423 422 1502 patrem
444 1414 532 1484 filius
546 1414 719 1504 adjuverit,
737 1415 766 1484 si
786 1424 891 1484 totum
913 1418 974 1485 hoc
990 1415 1173 1503 negotium,
1199 1414 1321 1482 talibus

255 1528 455 1624 auctoribus,
480 1530 637 1618 pravitate
658 1530 766 1618 aliqua
789 1552 826 1600 ao
849 1531 964 1601 fraude
979 1530 1135 1599 iniectum
1156 1529 1317 1598 videatur.

299 1642 394 1723 Quod
408 1644 435 1713 si
452 1646 512 1712 hac
528 1645 562 1712 in
578 1665 613 1714 re
630 1646 714 1714 nihil
737 1646 826 1715 aliud
847 1647 966 1734 egisset
986 1645 1181 1715 Anastasius
1197 1645 1261 1714 nisi
1282 1655 1322 1714 ut

254 1779 384 1828 summo
397 1761 542 1848 pontifici
564 1761 599 1828 in
618 1760 747 1850 justitia
769 1771 826 1830 aut
845 1763 1016 1832 clementia
1035 1762 1214 1831 exercenda
1228 1761 1322 1829 auri-

254 1874 401 1963 liaretur,
416 1896 483 1944 non
496 1886 582 1945 esset
598 1877 665 1944 ullo
686 1878 783 1945 modo
796 1877 1044 1966 vituperandus,
1060 1878 1168 1966 potius
1180 1876 1322 1944 laudan·

255 1989 315 2058 dus
338 2001 423 2060 esset
445 1993 530 2079 quod
556 1991 628 2080 ejus
649 2013 758 2081 opera,
781 1993 842 2062 viri
862 1991 940 2082 jure
960 1992 1095 2062 fortasse
1118 1992 1248 2083 dejecti,
1263 1992 1321 2062 sed

254 2105 503 2176 diuturnitatem
514 2128 618 2196 pmnae
632 2111 767 2197 experti,
783 2108 824 2176 ad
840 2110 1010 2178 meliorem
1024 2108 1190 2177 fortunam
1204 2109 1321 2177 rediis-

255 2234 340 2292 sent.
362 2225 420 2312 At,
444 2225 583 2294 abutens
596 2246 636 2295 eo
649 2226 833 2295 ministerio
847 2248 912 2315 quo
925 2228 1049 2296 solebat
1062 2236 1095 2296 et
1107 2226 1233 2296 litteras
1249 2225 1320 2296 sedi

255 2339 433 2424 apostolice
451 2340 567 2410 missas
587 2351 759 2411 attrectare
777 2352 810 2411 et
830 2363 985 2431 respousa
1004 2343 1139 2433 dictare,
1155 2343 1217 2412 iste
1230 2353 1318 2412 vete-

254 2462 353 2536 rator,
378 2473 420 2522 ne
443 2454 512 2543 ipse
539 2456 809 2545 vituperationem
832 2458 959 2548 justam
990 2459 1127 2548 subiret,
1157 2459 1319 2549 injustum

254 2568 378 2635 crimen
395 2568 431 2637 in
443 2568 660 2641 Hincmarum
674 2573 878 2643 machinatus
893 2584 952 2645 est.

298 2683 443 2774 Etenim,
468 2688 606 2775 acceptis
629 2689 693 2757 illis
710 2689 835 2758 Nicolai
858 2691 975 2760 litteris
992 2690 1112 2780 quibus
1132 2690 1203 2780 ipse
1222 2689 1318 2780 jube·

254 2800 351 2869 hatur
362 2800 419 2870 aut
432 2801 621 2872 Wulladum
635 2803 769 2893 ejusque
782 2805 884 2875 socios
899 2807 1009 2874 statim
1019 2807 1056 2874 in
1069 2827 1177 2876 sacros
1187 2807 1318 2874 ordines

255 2916 438 3006 restituere,
449 2928 505 2987 aut
512 2940 628 3014 rursus
641 2920 677 2988 in
686 2921 823 2989 concilio
832 2922 873 2991 de
885 2923 1017 2991 illorum
1029 2943 1125 2992 causa
1136 2922 1316 3011 inquirere,

255 3032 514 3121 archiepiscopus
543 3035 716 3105 Remensis
753 3039 896 3107 multum
936 3039 1156 3109 elaboraverat
1190 3048 1225 3108 ut
1258 3039 1319 3107 hoo

256 3167 340 3214 onus
359 3148 422 3215 sibi
440 3149 700 3236 ingratissimum
714 3153 880 3242 abjiceret.
896 3156 1023 3245 Itaque,
1043 3155 1115 3245 ejus
1135 3156 1269 3226 consilio
1287 3161 1320 3223 et

257 3262 446 3351 elllagitatu,
473 3262 555 3332 Galli
579 3267 733 3357 episcopi,
762 3269 1006 3359 Suessionibm,
1031 3292 1146 3341 mense
1168 3273 1319 3360 Augusto

256 3379 334 3447 anni
359 3379 435 3467 866,
463 3379 498 3447 in
520 3382 683 3468 synodum
698 3386 897 3472 congregati,
923 3385 956 3454 id
979 3398 1180 3456 censuerunt
1201 3408 1267 3456 non
1284 3406 1318 3455 se

257 3509 439 3578 repugnare
464 3493 642 3578 quominus
674 3496 813 3564 honores
850 3497 1057 3566 ecclesiastici
1093 3499 1318 3569 condemnatis

256 3606 381 3674 clericis
399 3605 625 3696 redderentur,
649 3610 703 3678 sed
728 3614 788 3679 hoc
809 3633 878 3682 esse
899 3613 985 3681 illius
999 3613 1139 3682 Romani
1156 3614 1317 3703 pontificis

257 3720 400 3790 officium
417 3733 449 3792 et
457 3721 526 3813 jus,
543 3725 599 3813 qui
614 3728 812 3796 sententiam
832 3729 931 3797 latam
945 3729 979 3796 in
995 3729 1187 3799 Wulladum
1202 3751 1318 3818 appro-

257 3836 364 3906 bando
376 3860 471 3908 suam
485 3841 590 3929 ipsam
603 3840 731 3910 fecisset
742 3843 764 3911 ¹.

257 4019 287 4052 uo
295 4006 350 4056 866.
360 4007 446 4058 Primo
460 4016 541 4060 autem
555 4009 650 4073 littera,
669 4010 757 4075 qulbus
770 4011 882 4062 Nicolaus
895 4028 991 4064 causam
1000 4013 1183 4068 Wulsadianam
1201 4015 1316 4081 tractavit,

257 4083 318 4134 datan
330 4093 387 4136 eunt
400 4087 439 4138 dle
452 4093 466 4140 3
481 4091 570 4140 mensis
582 4090 670 4156 Aprilis
684 4106 708 4140 a.
724 4093 769 4142 866
785 4093 819 4156 (v.
829 4093 900 4158 lant,
914 4109 940 4144 n.
952 4097 1023 4157 2802,
1035 4097 1106 4158 2803,
1119 4097 1202 4162 28⁰4).

288 4168 311 4213 l.
323 4166 440 4217 «Carolus
448 4183 529 4220 mense
537 4172 645 4234 Augusto
656 4171 790 4223 suessionis
799 4172 922 4224 civitatem
929 4174 989 4239 adit,
999 4181 1023 4224 et
1032 4175 1119 4239 synodo
1128 4191 1142 4226 a
1152 4193 1214 4243 papa
1223 4175 1317 4229 Nicolao

256 4252 388 4294 convocatu
414 4249 533 4314 considet,
570 4253 611 4301 ubi
641 4253 772 4303 secundnm
801 4253 906 4317 predicti
936 4256 1057 4320 apostolici
1086 4259 1317 4308 commendationem

255 4325 385 4392 quastione
399 4327 517 4394 dirempta
530 4332 560 4382 vle
572 4332 676 4384 vulfado
688 4340 713 4384 et
725 4334 823 4398 collegis
836 4337 896 4400 ejus,
911 4335 942 4385 ab
953 4337 1045 4403 Ebone,
1054 4338 1175 4404 quondam
1189 4341 1317 4392 Remorum
