2954 5050
288 481 333 531 264
504 481 719 542 antennam,
746 480 943 530 nanniano
970 481 1066 531 ΡΑΡΑ
1088 482 1132 546 11,

222 643 224 646 ’
288 629 454 718 scriptoris
474 628 623 712 referam,
644 627 791 714 quisquis
811 646 924 693 eorum
944 636 1055 694 contra
1075 625 1346 695 Carolomannum

286 755 390 815 castra
424 744 572 830 moverit,
602 764 691 834 arma
727 741 907 828 sustulerit,
934 744 983 809 vel
1007 742 1146 810 laesionis
1183 743 1346 810 excercitia

285 859 521 948 praeparaverit,
536 878 571 925 ao
586 877 643 944 per
656 858 689 925 id
705 868 741 924 ut
755 857 940 925 effundatur
953 857 1097 926 fidelium
1120 859 1253 946 sanguis
1275 879 1346 925 corr·

286 975 453 1063 struxerit,
476 995 543 1041 non
572 975 677 1041 solum
705 973 1047 1041 excommunicationis
1083 973 1219 1042 nexibus
1257 975 1346 1041 inno·

285 1093 428 1180 dabitur,
454 1111 567 1161 verum
597 1091 695 1158 etiam
728 1089 864 1157 vinculis
892 1090 1106 1157 anathematis
1130 1091 1291 1177 obligatus
1312 1091 1343 1157 in

286 1211 436 1296 gehenna
464 1227 540 1274 cum
564 1205 691 1273 diabolo
712 1205 987 1292 deputabitur¹».

331 1323 438 1391 Tertia
466 1321 607 1407 denique
634 1321 766 1408 epistola
801 1321 959 1410 episcopis
987 1321 1135 1409 ejusdem
1163 1324 1258 1410 regni
1284 1324 1342 1390 iras

286 1440 371 1509 sedis
397 1437 576 1528 apostolicae
600 1439 758 1524 minatur,
782 1438 808 1506 si
828 1437 1104 1505 Carolomannum
1123 1442 1341 1507 excornmuni-
1440 1419 1441 1424 ἵ

286 1555 411 1621 catione
445 1550 696 1640 multaverint²;
726 1551 781 1619 sed
802 1552 873 1640 jam
896 1553 956 1620 iste
984 1561 1143 1620 veterator
1172 1576 1248 1622 cum
1271 1555 1341 1623 viris
1440 1599 1441 1608 η

286 1669 446 1756 religiosis
467 1668 620 1756 pietatem
644 1668 814 1755 simulans,
840 1689 1009 1736 summum
1033 1670 1218 1752 pontificem
1244 1669 1343 1738 aiebat

288 1786 373 1872 regis
394 1795 568 1873 paternum
586 1805 756 1852 maerorem
773 1783 893 1871 dolere,
909 1793 941 1851 et
956 1784 1093 1873 spiritali
1106 1786 1221 1854 affectu
1240 1804 1342 1872 prose·

288 1902 358 1987 qui,
375 1921 498 1989 pacem
526 1899 658 1986 quidem
689 1899 880 1967 exteriorem
907 1902 1042 1988 solvere,
1070 1900 1125 1968 sed
1161 1902 1342 1969 interiorem

288 2035 477 2085 conservare
487 2014 500 2054 ³
512 2037 521 2104 3
547 2036 620 2102 quac
633 2014 730 2083 verba
742 2014 778 2083 in
791 2016 848 2083 tali
862 2015 981 2104 agendi
995 2017 1121 2085 ratione
1134 2017 1343 2086 acerbissima

288 2131 409 2202 facetiae
422 2132 628 2200 videbantur.

332 2247 400 2316 Cur
414 2257 523 2317 autem
536 2249 586 2316 hae
603 2268 731 2336 quoque
751 2247 877 2336 littere,
899 2257 936 2316 ut
957 2258 1071 2317 ceterae
1089 2269 1254 2318 annorum
1270 2269 1341 2338 pra·

288 2365 472 2452 teritorum,
496 2363 531 2431 in
543 2363 717 2432 Franciam
735 2384 793 2452 per
813 2364 1004 2433 sollemnem
1023 2367 1219 2454 legationem
1240 2366 1341 2434 delate

288 2500 356 2550 non
368 2479 463 2567 sint⁴,
480 2500 611 2548 causam
628 2479 727 2548 luisse
746 2478 906 2569 existimo,
921 2482 1007 2568 quod
1026 2482 1065 2550 de
1082 2484 1142 2550 hoc
1155 2481 1341 2551 Anastasius

289 2595 417 2664 nullum
439 2593 576 2662 verbum
591 2617 666 2664 cum
681 2616 811 2663 summo
832 2597 983 2683 pontifice
1000 2596 1141 2685 fecisset,
1163 2598 1221 2666 sed
1238 2596 1342 2666 furtim

289 2710 518 2780 Carolomanni
531 2713 646 2798 legatis
662 2712 810 2798 epistolas
826 2712 967 2780 dedisset
980 2713 1140 2782 ferendae.

331 2827 405 2896 lam
420 2847 495 2896 vero
510 2837 575 2896 tres
594 2828 656 2896 illae
672 2827 798 2915 litterae,
818 2849 894 2896 cum
909 2838 1016 2897 essent
1032 2832 1126 2899 tertio
1149 2829 1225 2898 idus
1249 2829 1345 2898 Julies
1440 2815 1441 2830 ἦ

289 2943 367 3012 auni
387 2943 585 3031 arruisse,
605 2943 672 3012 veri
691 2943 796 3012 simile
816 2953 915 3012 estut
928 2945 963 3012 in
979 2943 1097 3014 Gallias
1112 2954 1187 3015 ante
1202 2965 1344 3015 mensem

289 3060 516 3147 Septembrem
530 3057 677 3147 ejusdem
689 3059 766 3152 anni
781 3061 1004 3151 pervenerint3
1018 3082 1206 3150 quanquam
1219 3063 1346 3132 Carolus

320 3319 344 3366 l.
361 3316 455 3380 Migne,
468 3321 487 3367 t.
501 3316 599 3378 CXXH,
616 3331 641 3380 p.
652 3318 723 3367 1308.

318 3399 343 3449 2.
359 3397 391 3450 V.
403 3396 518 3448 Hadriani
526 3397 609 3460 Epist.
624 3396 662 3447 ad
674 3398 800 3462 epzsecpos
811 3399 837 3448 io
850 3413 929 3463 regno
940 3399 1029 3450 Caroli
1038 3405 1064 3451 ct
1076 3402 1208 3467 quondam
1218 3403 1343 3454 Hloldarr‘s'

287 3477 438 3530 consolatos
452 3477 554 3542 (origne,
564 3481 585 3526 l.
597 3477 696 3542 CXXII,
711 3493 750 3542 cp.
764 3480 803 3542 35,
817 3494 841 3543 p.
859 3481 965 3545 1308-9).

318 3561 343 3612 3.
361 3557 459 3610 «Unde
481 3557 594 3607 nimirum
610 3556 680 3607 valde
697 3557 812 3620 dolemus,
834 3566 859 3610 st
872 3561 894 3611 ei
912 3560 1016 3626 (carolo)
1035 3561 1121 3612 ellectu
1135 3563 1238 3627 spiritali
1254 3578 1346 3629 compa·

288 3641 372 3693 tlmur.
390 3639 422 3690 Et
439 3639 549 3704 quamvls
564 3637 703 3688 exteriorem
714 3639 777 3689 circa
788 3640 855 3690 illum
870 3657 954 3706 pacem
972 3642 1101 3705 solvamus,
1116 3643 1255 3694 interiorem
1269 3651 1344 3694 tameo

287 3721 408 3783 integram
423 3734 599 3770 conservamus.
620 3723 683 3771 Nam
705 3727 730 3770 et
752 3720 806 3772 ideo
825 3721 893 3772 illum
911 3723 1068 3787 percutimus,
1095 3729 1122 3773 ut
1139 3739 1282 3790 sanamus»,
1304 3731 1346 3774 etc.

287 3801 389 3868 (illigas,
402 3799 472 3863 ibid,
481 3815 506 3866 p.
519 3801 758 3867 lacedaemon
772 3805 856 3852 eadem
866 3802 896 3852 ad
910 3803 1032 3868 episcopos
1043 3803 1143 3868 epistola
1157 3805 1261 3870 scriptor
1276 3805 1348 3871 ponti·

286 3882 362 3932 flealis
374 3881 443 3931 lateri
457 3880 539 3930 debuit
552 3897 605 3932 eam
620 3881 787 3932 crudelitatem
805 3897 853 3948 qua
866 3883 965 3934 Carolus
983 3883 1071 3934 Calvus
1084 3884 1161 3934 filium
1176 3900 1249 3936 suum
1264 3888 1347 3950 injusta

286 3967 421 4024 tractasset,
430 3961 536 4012 nondum
546 3962 592 4012 sihi
599 3961 690 4027 liquere
701 3977 707 4012 ι
717 3978 731 4010 a
740 3962 765 4014 Si
774 3962 816 4027 rel,
826 3963 869 4027 ait,
876 3979 901 4013 se
913 3965 946 4013 ita
955 3965 1043 4014 veritas
1052 3964 1143 4014 habeto
1154 3965 1260 4030 (Migne,
1270 3965 1344 4028 ibid).

288 4043 320 4094 Εἰ
332 4044 387 4105 iste,
405 4057 462 4092 cum
482 4042 593 4093 carolum
609 4042 710 4094 Calvum
733 4049 773 4092 aut
795 4058 904 4107 proceres
927 4044 1096 4110 alloqueretur,
1116 4060 1168 4095 rem
1187 4053 1278 4098 certam
1297 4059 1343 4095 esse

286 4121 402 4184 fingebat,
419 4129 444 4173 et
455 4124 600 4175 certissimas
614 4123 771 4188 prolundebat
783 4123 890 4186 injurias.

318 4201 342 4249 l.
358 4202 422 4251 Nam
442 4216 520 4266 neque
542 4205 566 4254 iu
591 4205 628 4254 his
647 4205 704 4270 ipsis
720 4205 807 4254 litteris
821 4205 910 4255 mentio
935 4212 971 4256 est
993 4206 1098 4269 cujusvis
1114 4206 1251 4271 legationis,
1272 4219 1341 4270 neque

288 4280 437 4344 Hincmarus,
454 4285 496 4347 qui
510 4283 570 4333 duas
590 4286 722 4350 superiores
739 4285 866 4348 diligenter
887 4291 1068 4351 memoraverat,
1087 4287 1219 4356 quidquam
1235 4289 1281 4342 tale
1301 4288 1339 4336 hoc

287 4367 396 4426 tempore
407 4361 559 4430 significavit.
