2944 5060
285 505 331 554 eet
650 503 845 556 APPENDIX
871 501 988 553 PRIOR

285 648 414 708 ecclesia
428 647 558 719 antistiti,
582 665 632 704 seu
654 649 739 705 Petro
762 649 929 722 Spoletina,
952 650 1081 720 itemque
1102 647 1188 702 Petro
1209 645 1353 701 Arretina

284 736 412 797 ecclesiae
439 733 587 809 episcopis,
612 753 645 792 ac
671 736 797 810 Notingo
820 737 955 811 episcopo
979 734 1129 805 Brixiensi,
1154 735 1354 807 universusque

284 827 390 885 sanetae
405 821 515 897 synode
526 823 573 880 hie
584 823 694 896 pariter
708 828 902 896 congregatae.

320 913 403 980 Quod
413 913 488 969 bene
500 929 533 968 ae
543 913 665 985 pleniter
679 913 830 970 nobiscum
844 914 940 982 simul,
955 915 1059 969 iratres
1082 911 1237 984 carissimi,
1259 911 1353 980 scitis,

282 1020 359 1060 nuno
380 1001 488 1058 iterum
505 999 653 1058 dilectioni
666 1004 769 1058 vestra
788 1001 937 1074 cognitum
957 1002 1180 1073 essevolumus,
1201 1000 1353 1074 quomodo

282 1091 438 1164 instigante
459 1107 493 1146 ac
515 1089 654 1146 suadente
669 1090 784 1148 diabolo
797 1092 963 1148 Anastasius
977 1090 1130 1164 presbyter
1144 1089 1270 1146 cardinis
1285 1107 1353 1146 nos-

220 1205 225 1214 ·
281 1180 330 1250 tri,
347 1191 434 1253 quem
448 1193 501 1235 nos
517 1177 548 1235 in
561 1177 645 1235 titulo
659 1181 691 1236 B.
704 1181 828 1236 Marcelli
841 1179 977 1253 martyris
1006 1181 1093 1252 atque
1115 1179 1260 1252 pontificis
1276 1179 1354 1235 ordia

282 1269 424 1339 nevimus,
439 1271 540 1324 contre
555 1271 661 1325 statuta
673 1272 790 1342 patrum
801 1269 949 1342 propriam
961 1269 1113 1325 ecelesiam
1128 1269 1273 1338 deserens,
1286 1285 1352 1325 eece

278 1359 341 1432 jam
354 1373 407 1431 per
426 1357 615 1430 quinquennii
637 1360 753 1430 tempus
771 1358 801 1414 in
826 1358 929 1415 alienis
949 1357 1103 1431 parochiis,
1128 1357 1158 1413 id
1180 1361 1233 1428 est,
1259 1357 1351 1430 Aqui-
1462 1379 1463 1408 ;

280 1446 445 1519 lejensibus,
472 1446 549 1502 velut
575 1445 635 1501 ovis
668 1462 767 1502 errans
788 1446 895 1520 degere
917 1464 950 1503 ao
968 1450 1079 1502 temere
1098 1446 1264 1502 inhabitare
1279 1463 1351 1519 prae-
1462 1469 1463 1472 ¹

280 1535 412 1609 sumpsit.
432 1535 523 1602 Quem
545 1534 635 1590 etiam
647 1535 817 1591 auctoritate
833 1535 941 1592 suffulti
962 1535 1119 1609 apostolica
1143 1539 1173 1591 et
1200 1535 1351 1605 canonica,

280 1625 446 1698 apostolicis
468 1623 570 1680 litteris
585 1639 637 1696 per
650 1623 769 1680 tertiam
792 1626 821 1680 et
842 1615 978 1697 quartam
1000 1625 1093 1680 vicem
1107 1623 1293 1694 vocavimus3
1319 1639 1352 1680 ec

280 1711 330 1768 ubi
344 1711 437 1769 redire
454 1710 574 1782 distulit,
596 1711 707 1768 duobus
719 1713 902 1786 congregatis
917 1713 1117 1786 episcoporum
1131 1713 1269 1782 conciliis,
1285 1729 1351 1768 cum

280 1817 349 1858 eum
375 1819 433 1857 non
448 1800 639 1874 potuissemus
658 1801 756 1857 videre
779 1804 823 1857 vel
836 1802 947 1870 ,habere
968 1802 1125 1874 specialem
1150 1802 1350 1874 praeentiam,

281 1891 427 1947 communi
439 1907 507 1946 eum
521 1889 635 1946 decreto
651 1893 750 1946 sancta
771 1891 979 1948 communione
999 1890 1186 1964 privavimus.
1211 1891 1349 1947 volentes

279 1979 423 2051 siquidem
438 1995 520 2035 suem
534 1995 587 2051 per
609 1979 695 2052 hujus
719 1979 1025 2036 excommunicationis
1048 1996 1204 2036 censuram
1225 1980 1263 2036 ad
1284 1995 1351 2051 gre·

279 2067 372 2124 mium
383 2071 497 2137 sancta,
515 2083 602 2140 aquo
618 2067 798 2137 discesserat,
813 2069 914 2124 matris
940 2068 1069 2126 ecclesiae
1087 2085 1245 2141 personam
1263 2070 1351 2124 redu·

279 2174 356 2227 cere,
370 2159 452 2231 juxte
464 2157 558 2233 illum,
573 2155 605 2213 in
626 2173 684 2230 que
704 2173 821 2213 omnem
834 2157 1037 2235 pecassitatem
1051 2158 1228 2231 presbyteris
1249 2175 1268 2213 a
1282 2173 1351 2230 pro-

279 2246 343 2319 pria
362 2244 482 2302 ecclesia
505 2244 716 2301 discedentibus
738 2244 850 2319 imponi
874 2245 1041 2319 praecipitur
1078 2263 1112 2302 ae
1134 2247 1348 2318 promulgatur.

281 2334 338 2392 Sed
353 2333 512 2406 apostolica
524 2333 637 2390 monita
651 2333 799 2407 sanctique
814 2335 928 2391 concilii
942 2350 995 2408 pro
1011 2335 1101 2390 nihilo
1115 2334 1350 2403 ducens,erroris

279 2421 406 2477 irretitus
444 2421 568 2492 caligine
595 2421 691 2479 redire
726 2423 890 2480 nullatenus
926 2423 1025 2481 voluit.
1054 2424 1244 2479 Postmodum
1281 2439 1348 2479 vero

280 2513 432 2579 Ravennae,
448 2509 531 2566 uobis
553 2527 619 2566 oum
632 2510 763 2583 piissimo
784 2511 946 2585 invictoque
971 2512 1090 2568 domino
1109 2512 1277 2568 illudovico
1295 2513 1349 2568 im-

279 2603 411 2673 peratore
424 2597 545 2671 spiritali
558 2599 619 2656 filio
640 2603 738 2656 nostro
752 2600 935 2672 degentibus,
951 2602 1014 2673 ejus
1037 2601 1225 2658 clementiam
1245 2618 1350 2658 exora·

279 2688 372 2744 vimus
386 2692 419 2744 ut
440 2689 578 2745 eumdem
592 2690 794 2762 presbyterum
802 2691 840 2746 ad
855 2707 907 2746 nos
920 2707 1060 2764 suamque
1077 2690 1230 2747 ecclesiam
1244 2691 1350 2748 reverti

277 2775 401 2850 juberet,
428 2776 506 2849 quod
527 2779 607 2834 omni
631 2777 780 2834 alacritate
794 2781 893 2835 nostro
908 2779 1073 2852 repromisit
1092 2780 1233 2852 perficere
1253 2779 1348 2852 ponti-

279 2865 355 2936 licio,
379 2865 458 2923 diem
487 2866 664 2923 constituens
684 2871 772 2939 atque
794 2867 981 2940 denuncians,
1008 2868 1038 2924 in
1053 2885 1110 2941 quo
1130 2885 1198 2925 eum
1212 2885 1347 2926 remeare

280 2953 413 3012 sanciret.
431 2955 526 3012 liissos
541 2955 630 3011 etiam
644 2955 802 3028 majestatis
818 2973 877 3013 suae
891 2956 1042 3013 nobiscnm
1055 2957 1173 3030 reliquit
1189 2958 1347 3030 Notingum

279 3044 388 3100 seilicet
409 3044 576 3118 episcopum
589 3045 776 3113 Brixiensem‚
796 3050 825 3101 et
844 3045 1014 3119 adelgisum
1034 3045 1177 3102 illustrem
1197 3047 1346 3115 comitem,

280 3134 330 3208 qui
354 3137 548 3190 revertentem
577 3131 659 3191 illum
686 3137 783 3191 nostro
808 3135 973 3208 conspectui
999 3138 1220 3209 presentarent.
1238 3136 1345 3202 Quibus

280 3221 493 3296 expectantibus
513 3221 572 3278 illic
597 3223 748 3279 uobiscum
775 3239 865 3295 usque
887 3223 923 3280 ad
944 3223 1022 3280 diem
1040 3227 1181 3280 statutum
1210 3228 1241 3279 et
1260 3227 1344 3294 ultre,

277 3311 414 3386 praelatus
426 3311 577 3384 presbyter
601 3327 660 3366 non
683 3311 814 3382 advenit3
839 3329 873 3368 ac
893 3312 984 3368 iidem
1006 3311 1088 3368 missi
1106 3329 1136 3368 se
1161 3313 1246 3370 illum
1261 3315 1345 3370 nobis

278 3403 485 3474 representare
500 3416 560 3456 non
572 3416 656 3473 posse
671 3399 791 3473 professi
806 3404 881 3458 sunt.
898 3403 962 3458 Post
974 3404 1154 3458 transactum
1168 3405 1269 3458 autem
1284 3405 1345 3476 pla·

279 3489 377 3560 eitum,
393 3489 462 3545 dum
474 3505 541 3545 eum
555 3487 701 3544 mandatis
714 3491 819 3546 nostris
830 3493 941 3548 temere
959 3489 1135 3546 renitentem
1149 3492 1345 3564 conspexisse·

277 3595 352 3648 mus,
364 3578 405 3634 ita
417 3581 449 3635 ut
461 3594 515 3634 nee
522 3577 607 3650 jussis
619 3579 782 3651 apostolicis
796 3579 914 3636 obedire
929 3578 1078 3651 voluisset,
1091 3597 1186 3653 neque
1202 3582 1344 3638 sanctioni

277 3666 434 3724 venerandi
449 3666 563 3723 concilii
588 3670 821 3724 conservatorem
841 3685 881 3737 se,
906 3684 999 3740 eque
1020 3669 1121 3724 sancte
1138 3669 1343 3725 communione

276 3755 405 3831 privatus
434 3755 579 3827 existeret,
602 3757 787 3824 exhibuisset,
816 3774 848 3813 ac
877 3755 1020 3829 plurimos
1043 3774 1094 3813 sua
1121 3757 1239 3813 laesione
1257 3758 1343 3830 pesti-

276 3847 338 3904 fera
356 3845 536 3919 maculasset,
557 3846 627 3918 quin
646 3847 674 3901 et
695 3845 806 3901 domini
830 3845 951 3902 hlotarii
974 3843 1204 3918 prestantissimi
1218 3845 1342 3917 impera-

275 3935 346 3993 toris
365 3935 480 3992 decreto
493 3934 596 3991 redire
614 3933 728 4007 jubenti
746 3933 912 4007 pertinacia
934 3950 992 3992 sue
1010 3933 1239 4007 intemperantia
1259 3935 1342 3992 resti·

276 4026 371 4094 tisset;
384 4042 420 4082 ne
436 4024 553 4080 ulterius
570 4040 621 4079 suo
638 4023 770 4094 exemplo
788 4023 995 4080 ecclesiasticus
1012 4022 1084 4078 erdo
1098 4022 1340 4094 confunderetur,

278 4117 307 4170 et
320 4113 540 4170 Christianitatis
564 4111 665 4184 religio
689 4110 902 4184 profanaretur,
927 4111 1120 4168 anathematis
1142 4129 1211 4168 eum
1228 4112 1340 4169 vinculo

277 4219 342 4259 curn
352 4203 534 4258 secerdotum
546 4204 711 4258 nostrorum
719 4217 861 4257 consensu
874 4201 1055 4258 nodavimus.
1068 4200 1121 4257 Ubi
1134 4201 1225 4257 etiam
1235 4205 1340 4274 presto

276 4291 393 4348 luerunt
413 4291 493 4347 idem
513 4290 603 4346 dietus
624 4290 763 4363 Notingus
784 4289 937 4346 Brixieusie
964 4290 1124 4363 episcopus,
1146 4293 1175 4346 et
1188 4290 1340 4362 Adelgisus

276 4379 393 4437 illustris
410 4395 517 4449 comes,
532 4378 643 4451 prefati
657 4379 738 4436 missi
759 4377 870 4435 domini
882 4379 1037 4436 illudowici
1053 4377 1229 4435 serenissimi
1244 4378 1338 4452 impe·
