<?xml version="1.0" encoding="UTF-8"?>
<!DOCTYPE html PUBLIC "-//W3C//DTD XHTML 1.0 Transitional//EN"
    "http://www.w3.org/TR/xhtml1/DTD/xhtml1-transitional.dtd">
<html xmlns="http://www.w3.org/1999/xhtml" xml:lang="en" lang="en">
 <head>
  <title>
</title>
<meta http-equiv="Content-Type" content="text/html;charset=utf-8" />
  <meta name='ocr-system' content='tesseract 3.04.00' />
  <meta name='ocr-capabilities' content='ocr_page ocr_carea ocr_par ocr_line ocrx_word'/>
</head>
<body>
  <div class='ocr_page' id='page_1' title='image "./deanastasiobibl00lapgoog_0176.png"; bbox 0 0 3006 5050; ppageno 0'>
   <div class='ocr_carea' id='block_1_1' title="bbox 406 435 1220 505">
    <p class='ocr_par' dir='ltr' id='par_1_1' title="bbox 406 435 1220 505">
     <span class='ocr_line' id='line_1_1' title="bbox 406 435 1220 505; baseline 0.006 -7"><span class='ocrx_word' id='word_1_1' title='bbox 406 489 413 505; x_wconf 88' lang='lat'>.</span> <span class='ocrx_word' id='word_1_2' title='bbox 473 448 635 500; x_wconf 72' lang='lat' dir='ltr'><strong>risurus</strong></span> <span class='ocrx_word' id='word_1_3' title='bbox 657 447 900 501; x_wconf 83' lang='lat' dir='ltr'><strong>osruoorrun</strong></span> <span class='ocrx_word' id='word_1_4' title='bbox 1177 435 1220 503; x_wconf 79' lang='lat' dir='ltr'><strong>aaa</strong></span> 
     </span>
    </p>
   </div>
   <div class='ocr_carea' id='block_1_2' title="bbox 154 590 1309 3102">
    <p class='ocr_par' dir='ltr' id='par_1_2' title="bbox 154 590 1309 794">
     <span class='ocr_line' id='line_1_2' title="bbox 154 590 1309 684; baseline 0 -21"><span class='ocrx_word' id='word_1_5' title='bbox 154 615 192 663; x_wconf 85' lang='lat' dir='ltr'><strong>er</strong></span> <span class='ocrx_word' id='word_1_6' title='bbox 208 602 351 680; x_wconf 87' lang='lat' dir='ltr'><strong>tempore</strong></span> <span class='ocrx_word' id='word_1_7' title='bbox 362 611 399 660; x_wconf 89' lang='lat' dir='ltr'><strong>ac</strong></span> <span class='ocrx_word' id='word_1_8' title='bbox 416 611 475 680; x_wconf 92' lang='lat' dir='ltr'><strong>pro</strong></span> <span class='ocrx_word' id='word_1_9' title='bbox 487 611 523 661; x_wconf 91' lang='lat' dir='ltr'><strong>re</strong></span> <span class='ocrx_word' id='word_1_10' title='bbox 537 601 614 660; x_wconf 87' lang='lat' dir='ltr'><strong>nata</strong></span> <span class='ocrx_word' id='word_1_11' title='bbox 632 591 710 660; x_wconf 89' lang='lat' dir='ltr'><strong>olim</strong></span> <span class='ocrx_word' id='word_1_12' title='bbox 724 590 931 680; x_wconf 88' lang='lat' dir='ltr'><strong>compositus,</strong></span> <span class='ocrx_word' id='word_1_13' title='bbox 942 591 1096 684; x_wconf 74' lang='lat' dir='ltr'><strong>deinceps</strong></span> <span class='ocrx_word' id='word_1_14' title='bbox 1110 601 1220 664; x_wconf 86' lang='lat' dir='ltr'><strong>retus·</strong></span> <span class='ocrx_word' id='word_1_15' title='bbox 1305 613 1309 624; x_wconf 68' lang='lat'>¹</span> 
     </span>
     <span class='ocr_line' id='line_1_3' title="bbox 156 705 840 794; baseline -0.001 -19"><span class='ocrx_word' id='word_1_16' title='bbox 156 718 221 777; x_wconf 89' lang='lat' dir='ltr'><strong>tate</strong></span> <span class='ocrx_word' id='word_1_17' title='bbox 235 727 273 775; x_wconf 86' lang='lat' dir='ltr'><strong>ac</strong></span> <span class='ocrx_word' id='word_1_18' title='bbox 286 705 420 776; x_wconf 89' lang='lat' dir='ltr'><strong>mutatis</strong></span> <span class='ocrx_word' id='word_1_19' title='bbox 435 706 637 794; x_wconf 82' lang='lat' dir='ltr'><strong>temporibus</strong></span> <span class='ocrx_word' id='word_1_20' title='bbox 648 706 802 776; x_wconf 89' lang='lat' dir='ltr'><strong>cecidisse</strong></span> <span class='ocrx_word' id='word_1_21' title='bbox 817 707 840 774; x_wconf 88' lang='lat'><strong>¹.</strong></span> 
     </span>
    </p>

    <p class='ocr_par' dir='ltr' id='par_1_3' title="bbox 156 819 1222 1257">
     <span class='ocr_line' id='line_1_4' title="bbox 202 819 1221 909; baseline 0.001 -20"><span class='ocrx_word' id='word_1_22' title='bbox 202 823 279 891; x_wconf 81' lang='lat' dir='ltr'><strong>Haec</strong></span> <span class='ocrx_word' id='word_1_23' title='bbox 291 819 458 890; x_wconf 78' lang='lat' dir='ltr'><strong>Gallorum</strong></span> <span class='ocrx_word' id='word_1_24' title='bbox 475 841 512 889; x_wconf 85' lang='lat' dir='ltr'><strong>ac</strong></span> <span class='ocrx_word' id='word_1_25' title='bbox 526 821 688 909; x_wconf 73' lang='lat' dir='ltr'><strong>precipue</strong></span> <span class='ocrx_word' id='word_1_26' title='bbox 698 821 868 890; x_wconf 85' lang='lat' dir='ltr'><strong>llincmari</strong></span> <span class='ocrx_word' id='word_1_27' title='bbox 881 820 1053 890; x_wconf 88' lang='lat' dir='ltr'><strong>Remeusis</strong></span> <span class='ocrx_word' id='word_1_28' title='bbox 1069 822 1104 889; x_wconf 90' lang='lat' dir='ltr'><strong>in</strong></span> <span class='ocrx_word' id='word_1_29' title='bbox 1123 841 1221 892; x_wconf 90' lang='lat' dir='ltr'><strong>causa</strong></span> 
     </span>
     <span class='ocr_line' id='line_1_5' title="bbox 156 935 1220 1026; baseline 0 -20"><span class='ocrx_word' id='word_1_30' title='bbox 156 936 362 1006; x_wconf 84' lang='lat' dir='ltr'><strong>liothadiana</strong></span> <span class='ocrx_word' id='word_1_31' title='bbox 386 935 548 1023; x_wconf 85' lang='lat' dir='ltr'><strong>delensi03</strong></span> <span class='ocrx_word' id='word_1_32' title='bbox 572 938 655 1005; x_wconf 89' lang='lat' dir='ltr'><strong>hano</strong></span> <span class='ocrx_word' id='word_1_33' title='bbox 680 937 841 1005; x_wconf 86' lang='lat' dir='ltr'><strong>rationem</strong></span> <span class='ocrx_word' id='word_1_34' title='bbox 865 935 1063 1025; x_wconf 80' lang='lat' dir='ltr'><strong>reddebant,</strong></span> <span class='ocrx_word' id='word_1_35' title='bbox 1086 957 1158 1026; x_wconf 90' lang='lat' dir='ltr'><strong>cur,</strong></span> <span class='ocrx_word' id='word_1_36' title='bbox 1185 937 1220 1006; x_wconf 91' lang='lat' dir='ltr'><strong>in</strong></span> 
     </span>
     <span class='ocr_line' id='line_1_6' title="bbox 157 1049 1222 1141; baseline 0.001 -20"><span class='ocrx_word' id='word_1_37' title='bbox 157 1051 278 1141; x_wconf 82' lang='lat' dir='ltr'><strong>judicio</strong></span> <span class='ocrx_word' id='word_1_38' title='bbox 292 1051 363 1140; x_wconf 86' lang='lat' dir='ltr'><strong>ejus</strong></span> <span class='ocrx_word' id='word_1_39' title='bbox 386 1049 541 1139; x_wconf 90' lang='lat' dir='ltr'><strong>episcopi,</strong></span> <span class='ocrx_word' id='word_1_40' title='bbox 554 1051 682 1120; x_wconf 89' lang='lat' dir='ltr'><strong>concilii</strong></span> <span class='ocrx_word' id='word_1_41' title='bbox 698 1049 900 1120; x_wconf 87' lang='lat' dir='ltr'><strong>Sardiccnsis</strong></span> <span class='ocrx_word' id='word_1_42' title='bbox 917 1053 1038 1140; x_wconf 76' lang='lat' dir='ltr'><strong>legem,</strong></span> <span class='ocrx_word' id='word_1_43' title='bbox 1055 1072 1122 1120; x_wconf 93' lang='lat' dir='ltr'><strong>non</strong></span> <span class='ocrx_word' id='word_1_44' title='bbox 1136 1061 1222 1122; x_wconf 87' lang='lat' dir='ltr'><strong>rete·</strong></span> 
     </span>
     <span class='ocr_line' id='line_1_7' title="bbox 158 1165 900 1257; baseline -0.007 -18"><span class='ocrx_word' id='word_1_45' title='bbox 158 1189 234 1240; x_wconf 89' lang='lat' dir='ltr'><strong>rum</strong></span> <span class='ocrx_word' id='word_1_46' title='bbox 247 1167 437 1257; x_wconf 87' lang='lat' dir='ltr'><strong>pontificum</strong></span> <span class='ocrx_word' id='word_1_47' title='bbox 450 1165 625 1236; x_wconf 89' lang='lat' dir='ltr'><strong>decretales</strong></span> <span class='ocrx_word' id='word_1_48' title='bbox 636 1167 863 1236; x_wconf 88' lang='lat' dir='ltr'><strong>observassent</strong></span> <span class='ocrx_word' id='word_1_49' title='bbox 875 1165 900 1234; x_wconf 82' lang='lat'><strong>¹.</strong></span> 
     </span>
    </p>

    <p class='ocr_par' dir='ltr' id='par_1_4' title="bbox 159 1280 1272 2508">
     <span class='ocr_line' id='line_1_8' title="bbox 204 1280 1222 1374; baseline 0.003 -23"><span class='ocrx_word' id='word_1_50' title='bbox 204 1283 259 1351; x_wconf 82' lang='lat' dir='ltr'><strong>Ad</strong></span> <span class='ocrx_word' id='word_1_51' title='bbox 271 1303 371 1372; x_wconf 88' lang='lat' dir='ltr'><strong>quam</strong></span> <span class='ocrx_word' id='word_1_52' title='bbox 385 1280 609 1351; x_wconf 79' lang='lat' dir='ltr'><strong>defensionem</strong></span> <span class='ocrx_word' id='word_1_53' title='bbox 619 1281 844 1371; x_wconf 88' lang='lat' dir='ltr'><strong>evertendam,</strong></span> <span class='ocrx_word' id='word_1_54' title='bbox 859 1285 1066 1374; x_wconf 78' lang='lat' dir='ltr'><strong>Anastasius,</strong></span> <span class='ocrx_word' id='word_1_55' title='bbox 1086 1287 1222 1355; x_wconf 88' lang='lat' dir='ltr'><strong>ineunte</strong></span> 
     </span>
     <span class='ocr_line' id='line_1_9' title="bbox 159 1396 1224 1489; baseline 0.002 -23"><span class='ocrx_word' id='word_1_56' title='bbox 159 1399 333 1484; x_wconf 76' lang='lat' dir='ltr'><strong>annoildd,</strong></span> <span class='ocrx_word' id='word_1_57' title='bbox 345 1396 502 1466; x_wconf 79' lang='lat' dir='ltr'><strong>famosam</strong></span> <span class='ocrx_word' id='word_1_58' title='bbox 512 1397 601 1465; x_wconf 92' lang='lat' dir='ltr'><strong>illam</strong></span> <span class='ocrx_word' id='word_1_59' title='bbox 612 1397 781 1485; x_wconf 88' lang='lat' dir='ltr'><strong>epistolam</strong></span> <span class='ocrx_word' id='word_1_60' title='bbox 793 1397 954 1468; x_wconf 85' lang='lat' dir='ltr'><strong>universis</strong></span> <span class='ocrx_word' id='word_1_61' title='bbox 964 1399 1143 1469; x_wconf 87' lang='lat' dir='ltr'><strong>Galliarum</strong></span> <span class='ocrx_word' id='word_1_62' title='bbox 1155 1401 1224 1489; x_wconf 89' lang='lat' dir='ltr'><strong>epi·</strong></span> 
     </span>
     <span class='ocr_line' id='line_1_10' title="bbox 160 1510 1225 1602; baseline 0.001 -18"><span class='ocrx_word' id='word_1_63' title='bbox 160 1514 267 1600; x_wconf 83' lang='lat' dir='ltr'><strong>scopis</strong></span> <span class='ocrx_word' id='word_1_64' title='bbox 276 1533 313 1581; x_wconf 90' lang='lat' dir='ltr'><strong>ex</strong></span> <span class='ocrx_word' id='word_1_65' title='bbox 321 1511 443 1580; x_wconf 91' lang='lat' dir='ltr'><strong>Nicolai</strong></span> <span class='ocrx_word' id='word_1_66' title='bbox 457 1532 594 1601; x_wconf 86' lang='lat' dir='ltr'><strong>persona</strong></span> <span class='ocrx_word' id='word_1_67' title='bbox 603 1510 761 1602; x_wconf 70' lang='lat' dir='ltr'><strong>scripsiu,</strong></span> <span class='ocrx_word' id='word_1_68' title='bbox 778 1512 813 1581; x_wconf 91' lang='lat' dir='ltr'><strong>in</strong></span> <span class='ocrx_word' id='word_1_69' title='bbox 824 1533 888 1600; x_wconf 90' lang='lat' dir='ltr'><strong>qua</strong></span> <span class='ocrx_word' id='word_1_70' title='bbox 898 1514 974 1582; x_wconf 88' lang='lat' dir='ltr'><strong>totis</strong></span> <span class='ocrx_word' id='word_1_71' title='bbox 987 1515 1225 1585; x_wconf 83' lang='lat' dir='ltr'><strong>incubuitviri-</strong></span> 
     </span>
     <span class='ocr_line' id='line_1_11' title="bbox 162 1630 1272 1722; baseline 0.003 -23"><span class='ocrx_word' id='word_1_72' title='bbox 162 1632 226 1700; x_wconf 91' lang='lat' dir='ltr'><strong>bns</strong></span> <span class='ocrx_word' id='word_1_73' title='bbox 240 1643 277 1700; x_wconf 94' lang='lat' dir='ltr'><strong>ut</strong></span> <span class='ocrx_word' id='word_1_74' title='bbox 289 1631 440 1722; x_wconf 86' lang='lat' dir='ltr'><strong>probaret</strong></span> <span class='ocrx_word' id='word_1_75' title='bbox 449 1631 630 1720; x_wconf 88' lang='lat' dir='ltr'><strong>priscorum</strong></span> <span class='ocrx_word' id='word_1_76' title='bbox 641 1651 799 1719; x_wconf 88' lang='lat' dir='ltr'><strong>paparum</strong></span> <span class='ocrx_word' id='word_1_77' title='bbox 807 1630 982 1700; x_wconf 86' lang='lat' dir='ltr'><strong>decretales</strong></span> <span class='ocrx_word' id='word_1_78' title='bbox 992 1633 1061 1701; x_wconf 85' lang='lat' dir='ltr'><strong>illas</strong></span> <span class='ocrx_word' id='word_1_79' title='bbox 1073 1654 1146 1722; x_wconf 73' lang='lat' dir='ltr'><strong>que</strong></span> <span class='ocrx_word' id='word_1_80' title='bbox 1155 1634 1224 1704; x_wconf 86' lang='lat' dir='ltr'><strong>sedi</strong></span> <span class='ocrx_word' id='word_1_81' title='bbox 1270 1671 1272 1674; x_wconf 96' lang='lat'>·</span> 
     </span>
     <span class='ocr_line' id='line_1_12' title="bbox 162 1745 1226 1836; baseline 0.003 -21"><span class='ocrx_word' id='word_1_82' title='bbox 162 1748 342 1835; x_wconf 78' lang='lat' dir='ltr'><strong>apostolice</strong></span> <span class='ocrx_word' id='word_1_83' title='bbox 353 1745 472 1836; x_wconf 84' lang='lat' dir='ltr'><strong>judicia</strong></span> <span class='ocrx_word' id='word_1_84' title='bbox 482 1746 707 1835; x_wconf 89' lang='lat' dir='ltr'><strong>cpiscoporum</strong></span> <span class='ocrx_word' id='word_1_85' title='bbox 715 1746 850 1834; x_wconf 88' lang='lat' dir='ltr'><strong>dabant,</strong></span> <span class='ocrx_word' id='word_1_86' title='bbox 862 1756 893 1816; x_wconf 92' lang='lat' dir='ltr'><strong>et</strong></span> <span class='ocrx_word' id='word_1_87' title='bbox 903 1747 1102 1817; x_wconf 83' lang='lat' dir='ltr'><strong>venerandas</strong></span> <span class='ocrx_word' id='word_1_88' title='bbox 1114 1757 1184 1818; x_wconf 87' lang='lat' dir='ltr'><strong>cs&#39;se</strong></span> <span class='ocrx_word' id='word_1_89' title='bbox 1194 1758 1226 1818; x_wconf 86' lang='lat' dir='ltr'><strong>et</strong></span> 
     </span>
     <span class='ocr_line' id='line_1_13' title="bbox 161 1861 1226 1952; baseline 0.002 -22"><span class='ocrx_word' id='word_1_90' title='bbox 161 1863 244 1949; x_wconf 84' lang='lat' dir='ltr'><strong>legis</strong></span> <span class='ocrx_word' id='word_1_91' title='bbox 262 1863 420 1950; x_wconf 84' lang='lat' dir='ltr'><strong>vigorem,</strong></span> <span class='ocrx_word' id='word_1_92' title='bbox 438 1861 586 1950; x_wconf 86' lang='lat' dir='ltr'><strong>quamvis</strong></span> <span class='ocrx_word' id='word_1_93' title='bbox 602 1862 1016 1952; x_wconf 84' lang='lat' dir='ltr'><strong>vetustissimas,retiucre;</strong></span> <span class='ocrx_word' id='word_1_94' title='bbox 1032 1884 1131 1951; x_wconf 88' lang='lat' dir='ltr'><strong>quam</strong></span> <span class='ocrx_word' id='word_1_95' title='bbox 1148 1883 1226 1932; x_wconf 87' lang='lat' dir='ltr'><strong>sane</strong></span> 
     </span>
     <span class='ocr_line' id='line_1_14' title="bbox 162 1977 1225 2066; baseline 0.001 -20"><span class='ocrx_word' id='word_1_96' title='bbox 162 1979 332 2066; x_wconf 90' lang='lat' dir='ltr'><strong>epistolum</strong></span> <span class='ocrx_word' id='word_1_97' title='bbox 352 1977 380 2044; x_wconf 90' lang='lat' dir='ltr'><strong>si</strong></span> <span class='ocrx_word' id='word_1_98' title='bbox 401 1997 516 2048; x_wconf 88' lang='lat' dir='ltr'><strong>omnes</strong></span> <span class='ocrx_word' id='word_1_99' title='bbox 535 1977 652 2046; x_wconf 88' lang='lat' dir='ltr'><strong>eruditi</strong></span> <span class='ocrx_word' id='word_1_100' title='bbox 674 1988 822 2046; x_wconf 88' lang='lat' dir='ltr'><strong>accurate</strong></span> <span class='ocrx_word' id='word_1_101' title='bbox 840 1978 1111 2063; x_wconf 84' lang='lat' dir='ltr'><strong>considerassent,</strong></span> <span class='ocrx_word' id='word_1_102' title='bbox 1128 1998 1225 2047; x_wconf 87' lang='lat' dir='ltr'><strong>nemo</strong></span> 
     </span>
     <span class='ocr_line' id='line_1_15' title="bbox 159 2091 1227 2182; baseline 0 -22"><span class='ocrx_word' id='word_1_103' title='bbox 159 2094 231 2182; x_wconf 90' lang='lat' dir='ltr'><strong>jam</strong></span> <span class='ocrx_word' id='word_1_104' title='bbox 243 2091 706 2180; x_wconf 82' lang='lat' dir='ltr'><strong>negaretPseudo-lsidoriana</strong></span> <span class='ocrx_word' id='word_1_105' title='bbox 716 2103 901 2160; x_wconf 89' lang='lat' dir='ltr'><strong>commenta</strong></span> <span class='ocrx_word' id='word_1_106' title='bbox 910 2093 944 2160; x_wconf 94' lang='lat' dir='ltr'><strong>in</strong></span> <span class='ocrx_word' id='word_1_107' title='bbox 955 2092 1071 2162; x_wconf 87' lang='lat' dir='ltr'><strong>litteris</strong></span> <span class='ocrx_word' id='word_1_108' title='bbox 1081 2092 1227 2160; x_wconf 85' lang='lat' dir='ltr'><strong>Nicolail</strong></span> 
     </span>
     <span class='ocr_line' id='line_1_16' title="bbox 163 2205 1229 2296; baseline 0 -20"><span class='ocrx_word' id='word_1_109' title='bbox 163 2220 198 2276; x_wconf 91' lang='lat' dir='ltr'><strong>et</strong></span> <span class='ocrx_word' id='word_1_110' title='bbox 219 2217 398 2276; x_wconf 86' lang='lat' dir='ltr'><strong>memorata</strong></span> <span class='ocrx_word' id='word_1_111' title='bbox 418 2207 532 2296; x_wconf 89' lang='lat' dir='ltr'><strong>luisse,</strong></span> <span class='ocrx_word' id='word_1_112' title='bbox 556 2217 589 2277; x_wconf 89' lang='lat' dir='ltr'><strong>et</strong></span> <span class='ocrx_word' id='word_1_113' title='bbox 606 2205 747 2296; x_wconf 88' lang='lat' dir='ltr'><strong>laudata,</strong></span> <span class='ocrx_word' id='word_1_114' title='bbox 767 2219 800 2277; x_wconf 89' lang='lat' dir='ltr'><strong>et</strong></span> <span class='ocrx_word' id='word_1_115' title='bbox 827 2208 1037 2277; x_wconf 89' lang='lat' dir='ltr'><strong>solertissime</strong></span> <span class='ocrx_word' id='word_1_116' title='bbox 1060 2227 1229 2280; x_wconf 90' lang='lat' dir='ltr'><strong>commcn-</strong></span> 
     </span>
     <span class='ocr_line' id='line_1_17' title="bbox 164 2321 1232 2412; baseline 0.001 -22"><span class='ocrx_word' id='word_1_117' title='bbox 164 2322 559 2412; x_wconf 84' lang='lat' dir='ltr'><strong>data3exquauosetinm</strong></span> <span class='ocrx_word' id='word_1_118' title='bbox 569 2321 1232 2412; x_wconf 82' lang='lat' dir='ltr'><strong>tundemperspiciemustotamAuastasii&#39;</strong></span> 
     </span>
     <span class='ocr_line' id='line_1_18' title="bbox 165 2437 1109 2508; baseline 0.005 -4"><span class='ocrx_word' id='word_1_119' title='bbox 165 2438 200 2505; x_wconf 91' lang='lat' dir='ltr'><strong>in</strong></span> <span class='ocrx_word' id='word_1_120' title='bbox 213 2439 274 2505; x_wconf 87' lang='lat' dir='ltr'><strong>hac</strong></span> <span class='ocrx_word' id='word_1_121' title='bbox 288 2458 323 2506; x_wconf 89' lang='lat' dir='ltr'><strong>re</strong></span> <span class='ocrx_word' id='word_1_122' title='bbox 337 2437 625 2508; x_wconf 86' lang='lat' dir='ltr'><strong>machinationem.</strong></span> <span class='ocrx_word' id='word_1_123' title='bbox 1107 2457 1109 2462; x_wconf 90' lang='grc'><strong><em>·</em></strong></span> 
     </span>
    </p>

    <p class='ocr_par' dir='ltr' id='par_1_5' title="bbox 165 2551 1231 3102">
     <span class='ocr_line' id='line_1_19' title="bbox 211 2551 1231 2642; baseline 0.002 -23"><span class='ocrx_word' id='word_1_124' title='bbox 211 2554 260 2620; x_wconf 88' lang='lat' dir='ltr'><strong>Ac</strong></span> <span class='ocrx_word' id='word_1_125' title='bbox 273 2553 417 2639; x_wconf 88' lang='lat' dir='ltr'><strong>primum</strong></span> <span class='ocrx_word' id='word_1_126' title='bbox 427 2551 678 2640; x_wconf 87' lang='lat' dir='ltr'><strong>animadvertas,</strong></span> <span class='ocrx_word' id='word_1_127' title='bbox 689 2553 717 2622; x_wconf 89' lang='lat' dir='ltr'><strong>is</strong></span> <span class='ocrx_word' id='word_1_128' title='bbox 727 2554 863 2642; x_wconf 87' lang='lat' dir='ltr'><strong>scriptor</strong></span> <span class='ocrx_word' id='word_1_129' title='bbox 874 2554 1062 2641; x_wconf 83' lang='lat' dir='ltr'><strong>pontificius</strong></span> <span class='ocrx_word' id='word_1_130' title='bbox 1073 2553 1231 2642; x_wconf 84' lang='lat' dir='ltr'><strong>quemad·</strong></span> 
     </span>
     <span class='ocr_line' id='line_1_20' title="bbox 166 2665 1229 2757; baseline 0.001 -23"><span class='ocrx_word' id='word_1_131' title='bbox 166 2667 301 2736; x_wconf 88' lang='lat' dir='ltr'><strong>modum</strong></span> <span class='ocrx_word' id='word_1_132' title='bbox 323 2667 421 2736; x_wconf 87' lang='lat' dir='ltr'><strong>Gallis</strong></span> <span class='ocrx_word' id='word_1_133' title='bbox 446 2665 605 2757; x_wconf 88' lang='lat' dir='ltr'><strong>episcopis</strong></span> <span class='ocrx_word' id='word_1_134' title='bbox 632 2668 788 2756; x_wconf 74' lang='lat' dir='ltr'><strong>obiecerit</strong></span> <span class='ocrx_word' id='word_1_135' title='bbox 806 2669 1022 2738; x_wconf 87' lang='lat' dir='ltr'><strong>decretalibus</strong></span> <span class='ocrx_word' id='word_1_136' title='bbox 1047 2669 1229 2756; x_wconf 90' lang='lat' dir='ltr'><strong>priscorum</strong></span> 
     </span>
     <span class='ocr_line' id='line_1_21' title="bbox 166 2782 1228 2872; baseline 0 -22"><span class='ocrx_word' id='word_1_137' title='bbox 166 2804 338 2871; x_wconf 88' lang='lat' dir='ltr'><strong>paparum,</strong></span> <span class='ocrx_word' id='word_1_138' title='bbox 353 2804 426 2871; x_wconf 77' lang='lat' dir='ltr'><strong>quac</strong></span> <span class='ocrx_word' id='word_1_139' title='bbox 440 2803 553 2852; x_wconf 88' lang='lat' dir='ltr'><strong>causas</strong></span> <span class='ocrx_word' id='word_1_140' title='bbox 571 2784 765 2872; x_wconf 81' lang='lat' dir='ltr'><strong>episcopales</strong></span> <span class='ocrx_word' id='word_1_141' title='bbox 782 2784 822 2852; x_wconf 85' lang='lat' dir='ltr'><strong>ad</strong></span> <span class='ocrx_word' id='word_1_142' title='bbox 836 2784 1025 2853; x_wconf 85' lang='lat' dir='ltr'><strong>Romanum</strong></span> <span class='ocrx_word' id='word_1_143' title='bbox 1043 2782 1228 2871; x_wconf 87' lang='lat' dir='ltr'><strong>pontificem</strong></span> 
     </span>
     <span class='ocr_line' id='line_1_22' title="bbox 165 2896 1230 2987; baseline 0 -21"><span class='ocrx_word' id='word_1_144' title='bbox 165 2898 285 2969; x_wconf 85' lang='lat' dir='ltr'><strong>deferri</strong></span> <span class='ocrx_word' id='word_1_145' title='bbox 304 2897 487 2987; x_wconf 88' lang='lat' dir='ltr'><strong>jubebant,</strong></span> <span class='ocrx_word' id='word_1_146' title='bbox 510 2898 585 2967; x_wconf 90' lang='lat' dir='ltr'><strong>ideo</strong></span> <span class='ocrx_word' id='word_1_147' title='bbox 609 2897 835 2986; x_wconf 81' lang='lat' dir='ltr'><strong>obtemperare</strong></span> <span class='ocrx_word' id='word_1_148' title='bbox 859 2899 1001 2970; x_wconf 85' lang='lat' dir='ltr'><strong>noluisse</strong></span> <span class='ocrx_word' id='word_1_149' title='bbox 1022 2896 1098 2986; x_wconf 86' lang='lat' dir='ltr'><strong>quie</strong></span> <span class='ocrx_word' id='word_1_150' title='bbox 1117 2897 1179 2968; x_wconf 80' lang='lat' dir='ltr'><strong>illae</strong></span> <span class='ocrx_word' id='word_1_151' title='bbox 1197 2907 1230 2968; x_wconf 91' lang='lat' dir='ltr'><strong>et</strong></span> 
     </span>
     <span class='ocr_line' id='line_1_23' title="bbox 168 3013 1229 3102; baseline -0.002 -20"><span class='ocrx_word' id='word_1_152' title='bbox 168 3023 279 3082; x_wconf 87' lang='lat' dir='ltr'><strong>essent</strong></span> <span class='ocrx_word' id='word_1_153' title='bbox 306 3014 530 3102; x_wconf 79' lang='lat' dir='ltr'><strong>antiquiorum</strong></span> <span class='ocrx_word' id='word_1_154' title='bbox 549 3034 705 3102; x_wconf 85' lang='lat' dir='ltr'><strong>paparum</strong></span> <span class='ocrx_word' id='word_1_155' title='bbox 728 3022 761 3082; x_wconf 94' lang='lat' dir='ltr'><strong>et</strong></span> <span class='ocrx_word' id='word_1_156' title='bbox 784 3014 820 3083; x_wconf 93' lang='lat' dir='ltr'><strong>in</strong></span> <span class='ocrx_word' id='word_1_157' title='bbox 844 3014 944 3086; x_wconf 89' lang='lat' dir='ltr'><strong>libms</strong></span> <span class='ocrx_word' id='word_1_158' title='bbox 964 3013 1136 3082; x_wconf 90' lang='lat' dir='ltr'><strong>canonicos</strong></span> <span class='ocrx_word' id='word_1_159' title='bbox 1163 3034 1229 3080; x_wconf 95' lang='lat' dir='ltr'><strong>non</strong></span> 
     </span>
    </p>
   </div>
   <div class='ocr_carea' id='block_1_3' title="bbox 168 3197 1241 4386">
    <p class='ocr_par' dir='ltr' id='par_1_6' title="bbox 168 3197 1236 3903">
     <span class='ocr_line' id='line_1_24' title="bbox 201 3197 1233 3262; baseline 0 -14"><span class='ocrx_word' id='word_1_160' title='bbox 201 3201 224 3248; x_wconf 89' lang='lat' dir='ltr'><strong>l.</strong></span> <span class='ocrx_word' id='word_1_161' title='bbox 242 3199 307 3258; x_wconf 84' lang='lat' dir='ltr'><strong>Quin</strong></span> <span class='ocrx_word' id='word_1_162' title='bbox 324 3199 411 3262; x_wconf 83' lang='lat' dir='ltr'><strong>etiam,</strong></span> <span class='ocrx_word' id='word_1_163' title='bbox 430 3198 544 3262; x_wconf 87' lang='lat' dir='ltr'><strong>quonlam</strong></span> <span class='ocrx_word' id='word_1_164' title='bbox 559 3197 767 3250; x_wconf 80' lang='lat' dir='ltr'><strong>Pseudolsidorus</strong></span> <span class='ocrx_word' id='word_1_165' title='bbox 784 3197 913 3250; x_wconf 77' lang='lat' dir='ltr'><strong>decretales</strong></span> <span class='ocrx_word' id='word_1_166' title='bbox 929 3212 984 3247; x_wconf 88' lang='lat' dir='ltr'><strong>suas</strong></span> <span class='ocrx_word' id='word_1_167' title='bbox 1005 3198 1053 3262; x_wconf 86' lang='lat' dir='ltr'><strong>ita,</strong></span> <span class='ocrx_word' id='word_1_168' title='bbox 1073 3204 1100 3248; x_wconf 93' lang='lat' dir='ltr'><strong>ut</strong></span> <span class='ocrx_word' id='word_1_169' title='bbox 1116 3198 1219 3248; x_wconf 82' lang='lat' dir='ltr'><strong>diximus</strong></span> <span class='ocrx_word' id='word_1_170' title='bbox 1224 3236 1233 3262; x_wconf 97' lang='lat'><strong>,</strong></span> 
     </span>
     <span class='ocr_line' id='line_1_25' title="bbox 169 3275 1234 3344; baseline -0.001 -16"><span class='ocrx_word' id='word_1_171' title='bbox 169 3279 252 3344; x_wconf 85' lang='lat' dir='ltr'><strong>inepte</strong></span> <span class='ocrx_word' id='word_1_172' title='bbox 265 3284 440 3343; x_wconf 86' lang='lat' dir='ltr'><strong>composuerat,</strong></span> <span class='ocrx_word' id='word_1_173' title='bbox 455 3282 482 3327; x_wconf 87' lang='lat' dir='ltr'><strong>ut</strong></span> <span class='ocrx_word' id='word_1_174' title='bbox 495 3275 572 3327; x_wconf 85' lang='lat' dir='ltr'><strong>multa</strong></span> <span class='ocrx_word' id='word_1_175' title='bbox 588 3277 612 3327; x_wconf 94' lang='lat' dir='ltr'><strong>iu</strong></span> <span class='ocrx_word' id='word_1_176' title='bbox 624 3279 658 3328; x_wconf 88' lang='lat' dir='ltr'><strong>eis</strong></span> <span class='ocrx_word' id='word_1_177' title='bbox 673 3279 736 3328; x_wconf 77' lang='lat' dir='ltr'><strong>inter</strong></span> <span class='ocrx_word' id='word_1_178' title='bbox 747 3293 773 3327; x_wconf 90' lang='lat' dir='ltr'><strong>se</strong></span> <span class='ocrx_word' id='word_1_179' title='bbox 782 3285 928 3343; x_wconf 80' lang='lat' dir='ltr'><strong>pugnarent,</strong></span> <span class='ocrx_word' id='word_1_180' title='bbox 939 3278 959 3327; x_wconf 87' lang='lat' dir='ltr'><strong>si</strong></span> <span class='ocrx_word' id='word_1_181' title='bbox 973 3277 1028 3342; x_wconf 87' lang='lat' dir='ltr'><strong>quis</strong></span> <span class='ocrx_word' id='word_1_182' title='bbox 1040 3277 1099 3327; x_wconf 82' lang='lat' dir='ltr'><strong>alias</strong></span> <span class='ocrx_word' id='word_1_183' title='bbox 1108 3279 1234 3327; x_wconf 83' lang='lat' dir='ltr'><strong>observare</strong></span> 
     </span>
     <span class='ocr_line' id='line_1_26' title="bbox 169 3356 1235 3422; baseline -0.003 -14"><span class='ocrx_word' id='word_1_184' title='bbox 169 3357 293 3420; x_wconf 81' lang='lat' dir='ltr'><strong>voluisset,</strong></span> <span class='ocrx_word' id='word_1_185' title='bbox 300 3357 529 3408; x_wconf 85' lang='lat' dir='ltr'><strong>necesse&#39;hahuisset</strong></span> <span class='ocrx_word' id='word_1_186' title='bbox 539 3356 596 3407; x_wconf 81' lang='lat' dir='ltr'><strong>alias</strong></span> <span class='ocrx_word' id='word_1_187' title='bbox 605 3357 729 3420; x_wconf 76' lang='lat' dir='ltr'><strong>negligere</strong></span> <span class='ocrx_word' id='word_1_188' title='bbox 740 3357 798 3422; x_wconf 83' lang='lat' dir='ltr'><strong>(rid.</strong></span> <span class='ocrx_word' id='word_1_189' title='bbox 807 3373 887 3422; x_wconf 86' lang='lat' dir='ltr'><strong>supra,</strong></span> <span class='ocrx_word' id='word_1_190' title='bbox 898 3373 923 3422; x_wconf 89' lang='lat' dir='ltr'><strong>p.</strong></span> <span class='ocrx_word' id='word_1_191' title='bbox 936 3361 999 3422; x_wconf 77' lang='lat' dir='ltr'><strong>tet).</strong></span> <span class='ocrx_word' id='word_1_192' title='bbox 1009 3360 1087 3418; x_wconf 85' lang='lat' dir='ltr'><strong>Quam</strong></span> <span class='ocrx_word' id='word_1_193' title='bbox 1100 3371 1235 3422; x_wconf 75' lang='lat' dir='ltr'><strong>repugnan-</strong></span> 
     </span>
     <span class='ocr_line' id='line_1_27' title="bbox 168 3429 1234 3503; baseline -0.003 -15"><span class='ocrx_word' id='word_1_194' title='bbox 168 3439 229 3488; x_wconf 84' lang='lat' dir='ltr'><strong>tiam</strong></span> <span class='ocrx_word' id='word_1_195' title='bbox 242 3439 383 3489; x_wconf 89' lang='lat' dir='ltr'><strong>llincmams</strong></span> <span class='ocrx_word' id='word_1_196' title='bbox 392 3443 417 3486; x_wconf 89' lang='lat' dir='ltr'><strong>et</strong></span> <span class='ocrx_word' id='word_1_197' title='bbox 430 3437 528 3502; x_wconf 83' lang='lat' dir='ltr'><strong>pulchre</strong></span> <span class='ocrx_word' id='word_1_198' title='bbox 540 3438 606 3486; x_wconf 85' lang='lat' dir='ltr'><strong>novit</strong></span> <span class='ocrx_word' id='word_1_199' title='bbox 621 3444 646 3487; x_wconf 91' lang='lat' dir='ltr'><strong>et</strong></span> <span class='ocrx_word' id='word_1_200' title='bbox 659 3429 744 3500; x_wconf 77' lang='lat' dir='ltr'><strong>argute</strong></span> <span class='ocrx_word' id='word_1_201' title='bbox 758 3437 884 3499; x_wconf 76' lang='lat' dir='ltr'><strong>castigavit</strong></span> <span class='ocrx_word' id='word_1_202' title='bbox 894 3452 902 3488; x_wconf 92' lang='lat'>:</span> <span class='ocrx_word' id='word_1_203' title='bbox 913 3455 926 3486; x_wconf 78' lang='lat' dir='ltr'><strong>c</strong></span> <span class='ocrx_word' id='word_1_204' title='bbox 937 3438 978 3490; x_wconf 86' lang='lat' dir='ltr'><strong>Sic</strong></span> <span class='ocrx_word' id='word_1_205' title='bbox 987 3439 1061 3500; x_wconf 91' lang='lat' dir='ltr'><strong>enim,</strong></span> <span class='ocrx_word' id='word_1_206' title='bbox 1071 3438 1158 3503; x_wconf 85' lang='lat' dir='ltr'><strong>lnquit,</strong></span> <span class='ocrx_word' id='word_1_207' title='bbox 1168 3452 1234 3501; x_wconf 69' lang='lat' dir='ltr'><strong>quar-</strong></span> 
     </span>
     <span class='ocr_line' id='line_1_28' title="bbox 169 3515 1236 3582; baseline -0.003 -13"><span class='ocrx_word' id='word_1_208' title='bbox 169 3519 226 3569; x_wconf 88' lang='lat' dir='ltr'><strong>dam</strong></span> <span class='ocrx_word' id='word_1_209' title='bbox 244 3534 272 3568; x_wconf 84' lang='lat' dir='ltr'><strong>ex</strong></span> <span class='ocrx_word' id='word_1_210' title='bbox 292 3519 338 3580; x_wconf 89' lang='lat' dir='ltr'><strong>his,</strong></span> <span class='ocrx_word' id='word_1_211' title='bbox 350 3533 403 3582; x_wconf 72' lang='lat' dir='ltr'><strong>qua</strong></span> <span class='ocrx_word' id='word_1_212' title='bbox 422 3518 446 3566; x_wconf 93' lang='lat' dir='ltr'><strong>in</strong></span> <span class='ocrx_word' id='word_1_213' title='bbox 465 3517 608 3582; x_wconf 88' lang='lat' dir='ltr'><strong>quibusdam</strong></span> <span class='ocrx_word' id='word_1_214' title='bbox 625 3517 672 3567; x_wconf 89' lang='lat' dir='ltr'><strong>illis</strong></span> <span class='ocrx_word' id='word_1_215' title='bbox 685 3515 792 3580; x_wconf 89' lang='lat' dir='ltr'><strong>epistolis</strong></span> <span class='ocrx_word' id='word_1_216' title='bbox 808 3518 968 3582; x_wconf 90' lang='lat' dir='ltr'><strong>continentur,</strong></span> <span class='ocrx_word' id='word_1_217' title='bbox 984 3525 1066 3568; x_wconf 86' lang='lat' dir='ltr'><strong>tenere</strong></span> <span class='ocrx_word' id='word_1_218' title='bbox 1079 3524 1104 3567; x_wconf 87' lang='lat' dir='ltr'><strong>et</strong></span> <span class='ocrx_word' id='word_1_219' title='bbox 1117 3517 1236 3567; x_wconf 82' lang='lat' dir='ltr'><strong>custodire</strong></span> 
     </span>
     <span class='ocr_line' id='line_1_29' title="bbox 169 3597 1234 3662; baseline -0.005 -13"><span class='ocrx_word' id='word_1_220' title='bbox 169 3599 234 3649; x_wconf 80' lang='lat' dir='ltr'><strong>velle</strong></span> <span class='ocrx_word' id='word_1_221' title='bbox 247 3598 415 3662; x_wconf 82' lang='lat' dir='ltr'><strong>inceperimus,</strong></span> <span class='ocrx_word' id='word_1_222' title='bbox 429 3603 511 3647; x_wconf 88' lang='lat' dir='ltr'><strong>contra</strong></span> <span class='ocrx_word' id='word_1_223' title='bbox 523 3597 568 3647; x_wconf 83' lang='lat' dir='ltr'><strong>alia</strong></span> <span class='ocrx_word' id='word_1_224' title='bbox 577 3597 679 3661; x_wconf 87' lang='lat' dir='ltr'><strong>plurime</strong></span> <span class='ocrx_word' id='word_1_225' title='bbox 689 3597 783 3648; x_wconf 88' lang='lat' dir='ltr'><strong>illarum</strong></span> <span class='ocrx_word' id='word_1_226' title='bbox 800 3597 954 3662; x_wconf 89' lang='lat' dir='ltr'><strong>epistolarum</strong></span> <span class='ocrx_word' id='word_1_227' title='bbox 968 3599 1046 3648; x_wconf 81' lang='lat' dir='ltr'><strong>lucere</strong></span> <span class='ocrx_word' id='word_1_228' title='bbox 1059 3597 1234 3661; x_wconf 80' lang='lat' dir='ltr'><strong>incipiemus.»</strong></span> 
     </span>
     <span class='ocr_line' id='line_1_30' title="bbox 171 3676 1235 3744; baseline -0.003 -15"><span class='ocrx_word' id='word_1_229' title='bbox 171 3681 264 3744; x_wconf 79' lang='lat' dir='ltr'><strong>opusc.</strong></span> <span class='ocrx_word' id='word_1_230' title='bbox 275 3679 318 3728; x_wconf 82' lang='lat' dir='ltr'><strong>LV</strong></span> <span class='ocrx_word' id='word_1_231' title='bbox 329 3679 408 3742; x_wconf 84' lang='lat' dir='ltr'><strong>cupit.</strong></span> <span class='ocrx_word' id='word_1_232' title='bbox 422 3677 502 3742; x_wconf 80' lang='lat' dir='ltr'><strong>(ibid,</strong></span> <span class='ocrx_word' id='word_1_233' title='bbox 514 3692 538 3743; x_wconf 89' lang='lat' dir='ltr'><strong>p.</strong></span> <span class='ocrx_word' id='word_1_234' title='bbox 548 3680 609 3737; x_wconf 74' lang='lat'><strong>³853</strong></span> <span class='ocrx_word' id='word_1_235' title='bbox 625 3678 656 3727; x_wconf 89' lang='lat' dir='ltr'><strong>cl.</strong></span> <span class='ocrx_word' id='word_1_236' title='bbox 669 3692 694 3741; x_wconf 93' lang='lat' dir='ltr'><strong>p.</strong></span> <span class='ocrx_word' id='word_1_237' title='bbox 708 3679 752 3727; x_wconf 80' lang='lat'><strong>³9⁰</strong></span> <span class='ocrx_word' id='word_1_238' title='bbox 763 3678 812 3741; x_wconf 87' lang='lat' dir='ltr'>C.).</span> <span class='ocrx_word' id='word_1_239' title='bbox 826 3679 986 3743; x_wconf 85' lang='lat' dir='ltr'><strong>Quapropter,</strong></span> <span class='ocrx_word' id='word_1_240' title='bbox 1002 3679 1021 3727; x_wconf 89' lang='lat' dir='ltr'><strong>si</strong></span> <span class='ocrx_word' id='word_1_241' title='bbox 1037 3678 1078 3744; x_wconf 91' lang='lat' dir='ltr'><strong>qui</strong></span> <span class='ocrx_word' id='word_1_242' title='bbox 1089 3676 1164 3726; x_wconf 82' lang='lat' dir='ltr'><strong>velint</strong></span> <span class='ocrx_word' id='word_1_243' title='bbox 1173 3677 1235 3726; x_wconf 85' lang='lat' dir='ltr'><strong>hunc</strong></span> 
     </span>
     <span class='ocr_line' id='line_1_31' title="bbox 170 3757 1235 3822; baseline -0.005 -13"><span class='ocrx_word' id='word_1_244' title='bbox 170 3758 295 3809; x_wconf 86' lang='lat' dir='ltr'><strong>Gallorum</strong></span> <span class='ocrx_word' id='word_1_245' title='bbox 313 3763 338 3807; x_wconf 92' lang='lat' dir='ltr'><strong>et</strong></span> <span class='ocrx_word' id='word_1_246' title='bbox 352 3757 475 3808; x_wconf 87' lang='lat' dir='ltr'><strong>llinomari</strong></span> <span class='ocrx_word' id='word_1_247' title='bbox 489 3757 622 3806; x_wconf 87' lang='lat' dir='ltr'><strong>doctrinam</strong></span> <span class='ocrx_word' id='word_1_248' title='bbox 640 3757 797 3821; x_wconf 79' lang='lat' dir='ltr'><strong>stomachari,</strong></span> <span class='ocrx_word' id='word_1_249' title='bbox 816 3758 875 3807; x_wconf 88' lang='lat' dir='ltr'><strong>iram</strong></span> <span class='ocrx_word' id='word_1_250' title='bbox 889 3759 968 3822; x_wconf 90' lang='lat' dir='ltr'><strong>potius</strong></span> <span class='ocrx_word' id='word_1_251' title='bbox 982 3759 1006 3806; x_wconf 91' lang='lat' dir='ltr'><strong>in</strong></span> <span class='ocrx_word' id='word_1_252' title='bbox 1021 3759 1099 3821; x_wconf 85' lang='lat' dir='ltr'><strong>ipsum</strong></span> <span class='ocrx_word' id='word_1_253' title='bbox 1111 3757 1235 3806; x_wconf 83' lang='lat' dir='ltr'><strong>falsarium</strong></span> 
     </span>
     <span class='ocr_line' id='line_1_32' title="bbox 170 3836 1031 3903; baseline -0.005 -13"><span class='ocrx_word' id='word_1_254' title='bbox 170 3843 325 3900; x_wconf 77' lang='lat' dir='ltr'><strong>convertant,</strong></span> <span class='ocrx_word' id='word_1_255' title='bbox 340 3838 382 3903; x_wconf 86' lang='lat' dir='ltr'><strong>qui</strong></span> <span class='ocrx_word' id='word_1_256' title='bbox 399 3853 452 3888; x_wconf 88' lang='lat' dir='ltr'><strong>eam</strong></span> <span class='ocrx_word' id='word_1_257' title='bbox 466 3837 515 3886; x_wconf 84' lang='lat' dir='ltr'><strong>suis</strong></span> <span class='ocrx_word' id='word_1_258' title='bbox 528 3836 652 3887; x_wconf 81' lang='lat' dir='ltr'><strong>fraudibus</strong></span> <span class='ocrx_word' id='word_1_259' title='bbox 665 3852 733 3901; x_wconf 80' lang='lat' dir='ltr'><strong>paene</strong></span> <span class='ocrx_word' id='word_1_260' title='bbox 745 3838 903 3888; x_wconf 86' lang='lat' dir='ltr'><strong>necessariam</strong></span> <span class='ocrx_word' id='word_1_261' title='bbox 917 3837 1031 3887; x_wconf 78' lang='lat' dir='ltr'><strong>effecerit.</strong></span> 
     </span>
    </p>

    <p class='ocr_par' dir='ltr' id='par_1_7' title="bbox 171 3915 1240 4223">
     <span class='ocr_line' id='line_1_33' title="bbox 201 3915 1238 3984; baseline -0.003 -15"><span class='ocrx_word' id='word_1_262' title='bbox 201 3923 228 3970; x_wconf 81' lang='lat'><strong>2.</strong></span> <span class='ocrx_word' id='word_1_263' title='bbox 245 3919 273 3968; x_wconf 91' lang='lat' dir='ltr'><strong>ld</strong></span> <span class='ocrx_word' id='word_1_264' title='bbox 290 3919 363 3980; x_wconf 87' lang='lat' dir='ltr'><strong>enim,</strong></span> <span class='ocrx_word' id='word_1_265' title='bbox 379 3932 517 3984; x_wconf 85' lang='lat' dir='ltr'><strong>quanquam</strong></span> <span class='ocrx_word' id='word_1_266' title='bbox 537 3923 686 3967; x_wconf 81' lang='lat' dir='ltr'><strong>evanuerunt</strong></span> <span class='ocrx_word' id='word_1_267' title='bbox 706 3917 793 3968; x_wconf 79' lang='lat' dir='ltr'><strong>littere</strong></span> <span class='ocrx_word' id='word_1_268' title='bbox 810 3932 870 3982; x_wconf 84' lang='lat' dir='ltr'><strong>quas</strong></span> <span class='ocrx_word' id='word_1_269' title='bbox 885 3915 947 3966; x_wconf 89' lang='lat' dir='ltr'><strong>Galli</strong></span> <span class='ocrx_word' id='word_1_270' title='bbox 965 3917 1061 3967; x_wconf 87' lang='lat' dir='ltr'><strong>Nicolao</strong></span> <span class='ocrx_word' id='word_1_271' title='bbox 1075 3919 1086 3967; x_wconf 93' lang='lat' dir='ltr'><strong>l</strong></span> <span class='ocrx_word' id='word_1_272' title='bbox 1101 3917 1146 3966; x_wconf 85' lang='lat' dir='ltr'><strong>hac</strong></span> <span class='ocrx_word' id='word_1_273' title='bbox 1164 3917 1194 3966; x_wconf 91' lang='lat' dir='ltr'><strong>de</strong></span> <span class='ocrx_word' id='word_1_274' title='bbox 1213 3932 1238 3966; x_wconf 90' lang='lat' dir='ltr'><strong>re</strong></span> 
     </span>
     <span class='ocr_line' id='line_1_34' title="bbox 171 3996 1240 4064; baseline -0.003 -15"><span class='ocrx_word' id='word_1_275' title='bbox 171 4001 327 4064; x_wconf 86' lang='lat' dir='ltr'><strong>scripserant,</strong></span> <span class='ocrx_word' id='word_1_276' title='bbox 341 4014 396 4049; x_wconf 84' lang='lat' dir='ltr'><strong>cum</strong></span> <span class='ocrx_word' id='word_1_277' title='bbox 408 4015 436 4050; x_wconf 86' lang='lat' dir='ltr'><strong>ex</strong></span> <span class='ocrx_word' id='word_1_278' title='bbox 447 3999 559 4064; x_wconf 89' lang='lat' dir='ltr'><strong>operibus</strong></span> <span class='ocrx_word' id='word_1_279' title='bbox 570 3997 693 4048; x_wconf 86' lang='lat' dir='ltr'><strong>Hincmari</strong></span> <span class='ocrx_word' id='word_1_280' title='bbox 708 4013 780 4064; x_wconf 87' lang='lat' dir='ltr'><strong>supra</strong></span> <span class='ocrx_word' id='word_1_281' title='bbox 791 3999 880 4061; x_wconf 86' lang='lat' dir='ltr'><strong>citatis,</strong></span> <span class='ocrx_word' id='word_1_282' title='bbox 893 4003 946 4046; x_wconf 91' lang='lat' dir='ltr'><strong>tom</strong></span> <span class='ocrx_word' id='word_1_283' title='bbox 958 3997 1031 4046; x_wconf 83' lang='lat' dir='ltr'><strong>etiam</strong></span> <span class='ocrx_word' id='word_1_284' title='bbox 1043 3996 1145 4059; x_wconf 69' lang='lat' dir='ltr'><strong>intelligi</strong></span> <span class='ocrx_word' id='word_1_285' title='bbox 1159 4004 1240 4063; x_wconf 85' lang='lat' dir='ltr'><strong>potest</strong></span> 
     </span>
     <span class='ocr_line' id='line_1_35' title="bbox 171 4079 1240 4145; baseline -0.002 -15"><span class='ocrx_word' id='word_1_286' title='bbox 171 4096 200 4131; x_wconf 84' lang='lat' dir='ltr'><strong>ex</strong></span> <span class='ocrx_word' id='word_1_287' title='bbox 216 4079 296 4145; x_wconf 84' lang='lat' dir='ltr'><strong>papali</strong></span> <span class='ocrx_word' id='word_1_288' title='bbox 313 4080 465 4142; x_wconf 90' lang='lat' dir='ltr'><strong>responsione</strong></span> <span class='ocrx_word' id='word_1_289' title='bbox 484 4094 557 4144; x_wconf 87' lang='lat' dir='ltr'><strong>quam</strong></span> <span class='ocrx_word' id='word_1_290' title='bbox 573 4079 653 4128; x_wconf 87' lang='lat' dir='ltr'><strong>statim</strong></span> <span class='ocrx_word' id='word_1_291' title='bbox 666 4079 801 4142; x_wconf 77' lang='lat' dir='ltr'><strong>aggredior,</strong></span> <span class='ocrx_word' id='word_1_292' title='bbox 815 4079 859 4128; x_wconf 87' lang='lat' dir='ltr'><strong>hoe</strong></span> <span class='ocrx_word' id='word_1_293' title='bbox 873 4084 954 4127; x_wconf 90' lang='lat' dir='ltr'><strong>tamen</strong></span> <span class='ocrx_word' id='word_1_294' title='bbox 968 4090 1127 4141; x_wconf 71' lang='lat' dir='ltr'><strong>praemonens,</strong></span> <span class='ocrx_word' id='word_1_295' title='bbox 1142 4085 1240 4143; x_wconf 86' lang='lat' dir='ltr'><strong>propter</strong></span> 
     </span>
     <span class='ocr_line' id='line_1_36' title="bbox 173 4158 1239 4223; baseline -0.002 -13"><span class='ocrx_word' id='word_1_296' title='bbox 173 4160 332 4210; x_wconf 84' lang='lat' dir='ltr'><strong>calliditatem</strong></span> <span class='ocrx_word' id='word_1_297' title='bbox 343 4160 472 4218; x_wconf 78' lang='lat' dir='ltr'><strong>Anastasii,</strong></span> <span class='ocrx_word' id='word_1_298' title='bbox 479 4161 531 4223; x_wconf 86' lang='lat' dir='ltr'><strong>ejus</strong></span> <span class='ocrx_word' id='word_1_299' title='bbox 538 4159 601 4210; x_wconf 84' lang='lat' dir='ltr'><strong>dicta</strong></span> <span class='ocrx_word' id='word_1_300' title='bbox 607 4174 662 4208; x_wconf 90' lang='lat' dir='ltr'><strong>cum</strong></span> <span class='ocrx_word' id='word_1_301' title='bbox 671 4159 740 4209; x_wconf 89' lang='lat' dir='ltr'><strong>dictis</strong></span> <span class='ocrx_word' id='word_1_302' title='bbox 750 4159 872 4210; x_wconf 83' lang='lat' dir='ltr'><strong>lliucmari</strong></span> <span class='ocrx_word' id='word_1_303' title='bbox 881 4162 1018 4207; x_wconf 81' lang='lat' dir='ltr'><strong>constanter</strong></span> <span class='ocrx_word' id='word_1_304' title='bbox 1024 4171 1077 4208; x_wconf 88' lang='lat' dir='ltr'><strong>esse</strong></span> <span class='ocrx_word' id='word_1_305' title='bbox 1089 4158 1239 4209; x_wconf 79' lang='lat' dir='ltr'><strong>conferenda.</strong></span> 
     </span>
    </p>

    <p class='ocr_par' dir='ltr' id='par_1_8' title="bbox 175 4238 1241 4386">
     <span class='ocr_line' id='line_1_37' title="bbox 204 4238 1241 4305; baseline -0.003 -14"><span class='ocrx_word' id='word_1_306' title='bbox 204 4243 229 4291; x_wconf 83' lang='grc'><strong>3.</strong></span> <span class='ocrx_word' id='word_1_307' title='bbox 252 4241 331 4300; x_wconf 84' lang='lat' dir='ltr'><strong>Quam</strong></span> <span class='ocrx_word' id='word_1_308' title='bbox 347 4241 398 4290; x_wconf 88' lang='lat' dir='ltr'><strong>lere</strong></span> <span class='ocrx_word' id='word_1_309' title='bbox 408 4241 535 4302; x_wconf 78' lang='lat' dir='ltr'><strong>integram,</strong></span> <span class='ocrx_word' id='word_1_310' title='bbox 546 4245 572 4289; x_wconf 89' lang='lat' dir='ltr'><strong>ut</strong></span> <span class='ocrx_word' id='word_1_311' title='bbox 581 4240 683 4304; x_wconf 87' lang='lat' dir='ltr'><strong>quisque</strong></span> <span class='ocrx_word' id='word_1_312' title='bbox 692 4254 770 4289; x_wconf 87' lang='lat' dir='ltr'><strong>meam</strong></span> <span class='ocrx_word' id='word_1_313' title='bbox 780 4238 1011 4300; x_wconf 74' lang='lat' dir='ltr'><strong>argumentationem</strong></span> <span class='ocrx_word' id='word_1_314' title='bbox 1020 4238 1146 4290; x_wconf 85' lang='lat' dir='ltr'><strong>observare</strong></span> <span class='ocrx_word' id='word_1_315' title='bbox 1155 4240 1241 4305; x_wconf 85' lang='lat' dir='ltr'><strong>possit,</strong></span> 
     </span>
     <span class='ocr_line' id='line_1_38' title="bbox 175 4318 808 4386; baseline 0 -18"><span class='ocrx_word' id='word_1_316' title='bbox 175 4321 236 4370; x_wconf 88' lang='lat' dir='ltr'><strong>inter</strong></span> <span class='ocrx_word' id='word_1_317' title='bbox 250 4320 400 4386; x_wconf 74' lang='lat' dir='ltr'><strong>Appendices</strong></span> <span class='ocrx_word' id='word_1_318' title='bbox 414 4319 486 4384; x_wconf 84' lang='lat' dir='ltr'><strong>hujus</strong></span> <span class='ocrx_word' id='word_1_319' title='bbox 499 4319 577 4384; x_wconf 84' lang='lat' dir='ltr'><strong>operis</strong></span> <span class='ocrx_word' id='word_1_320' title='bbox 588 4319 704 4369; x_wconf 88' lang='lat' dir='ltr'><strong>edendam</strong></span> <span class='ocrx_word' id='word_1_321' title='bbox 718 4318 808 4368; x_wconf 83' lang='lat' dir='ltr'><strong>curari.</strong></span> 
     </span>
    </p>
   </div>
   <div class='ocr_carea' id='block_1_4' title="bbox 0 0 1532 5050">
    <p class='ocr_par' dir='ltr' id='par_1_9' title="bbox 0 0 1532 5050">
     <span class='ocr_line' id='line_1_39' title="bbox 0 0 1532 5050; baseline 0 0"><span class='ocrx_word' id='word_1_322' title='bbox 0 0 1532 5050; x_wconf 95' lang='lat' dir='ltr'><strong> </strong></span> 
     </span>
    </p>
   </div>
  </div>
 </body>
</html>
