2944 5060
292 471 338 518 sio
655 467 849 518 srrssnix
871 468 988 541 paron

292 612 353 668 dies
374 614 425 680 est,
448 611 553 668 occidit
567 611 606 668 eis
622 611 674 666 sol.
694 612 804 666 Revera
820 609 841 665 ii
855 613 884 666 et
896 627 948 683 per
967 609 1117 666 scientiam
1135 610 1187 666 Dei
1202 625 1282 665 more
1296 610 1348 664 Ba-

292 700 369 755 laam
388 703 501 772 apertos
519 701 628 756 habent
647 700 760 755 oculos:
782 699 889 754 cadunt
905 702 1016 769 tamen,
1031 699 1099 772 quia
1113 697 1250 754 obcaecati
1263 698 1349 753 instar

291 787 378 859 ipsius
397 787 526 866 avaritia,
550 805 606 861 quo
626 803 758 859 gressum
782 786 901 842 tendere
925 790 1042 860 possent
1058 786 1176 860 justitiae
1200 803 1258 842 non
1281 785 1350 858 aspi·

292 876 387 932 ciunt:
403 875 453 931 sed
466 892 519 947 per
533 877 656 948 abrupta
670 878 698 931 et
717 875 780 931 avia
797 875 974 938 incedentes.
989 875 1061 931 dum
1075 878 1161 948 caput
1180 873 1260 948 sequi
1273 874 1349 930 reiu-

292 963 422 1037 giunt,in
432 967 512 1020 vasta
520 964 678 1037 praecipitia
686 964 902 1036 demerguntur.
910 965 965 1020 Vos
976 963 1193 1032 autem,fratres
1203 963 1348 1034 carissimi,

292 1053 342 1127 qui
362 1055 459 1109 sancto
483 1053 581 1126 utique
602 1053 710 1126 Spiritu
734 1055 891 1123 revelante,
916 1053 1080 1126 apostolica
1101 1053 1178 1108 sedis
1199 1053 1349 1109 auctorita·
1440 1083 1441 1096 .

235 1219 238 1228 .
290 1147 352 1199 tem
373 1160 458 1198 sensu
477 1158 593 1214 capere,
618 1146 645 1196 ei
665 1142 702 1198 ad
720 1142 904 1214 splendorem
923 1141 1041 1198 luminis
1062 1143 1124 1216 ejus
1142 1141 1207 1214 jam
1222 1141 1349 1199 incedere
1440 1195 1441 1198 ,

291 1228 474 1289 laudabiliter
487 1229 651 1299 inchoastis,
675 1248 742 1286 cum
763 1231 813 1286 illa
831 1249 922 1305 usque
942 1231 973 1286 in
991 1231 1081 1287 finem
1099 1247 1212 1304 sapere,
1226 1247 1292 1287 cnm
1305 1231 1350 1286 illa

290 1337 405 1392 semper
419 1320 567 1376 ambulare
580 1319 702 1390 studete,
715 1320 750 1375 ab
763 1321 812 1376 illa
823 1321 937 1376 deviare
948 1320 1028 1376 nefas
1035 1320 1176 1392 judicate,
1187 1321 1224 1376 ab
1232 1321 1293 1393 ejus
1303 1319 1350 1375 dis·
1440 1327 1441 1358 l

291 1425 409 1480 crepare
427 1425 513 1464 sensu
535 1425 573 1464 nc
593 1408 630 1463 ad
647 1408 796 1465 modicum
815 1409 932 1481 quidem
955 1413 1138 1466 momentum
1158 1407 1349 1466 consentiatis.

291 1499 367 1563 Quos
376 1498 426 1553 illa
439 1497 543 1570 recipit
553 1499 583 1552 et
596 1513 645 1552 vos
657 1514 772 1570 quoque
784 1498 913 1571 recipite,
926 1501 955 1554 et
969 1515 1041 1571 quos
1054 1497 1103 1554 illa
1118 1498 1230 1570 respuit
1240 1497 1350 1570 abigere
1440 1487 1441 1500 ¹

291 1587 344 1659 ipsi
366 1587 438 1642 sicut
456 1586 518 1658 ipsa
536 1588 726 1642 mementote.
749 1589 810 1642 Non
837 1587 915 1643 enim
944 1587 994 1643 illa
1013 1588 1123 1659 respuit
1145 1587 1201 1643 nisi
1225 1587 1351 1642 membra

291 1693 354 1749 quae
367 1675 421 1731 sibi
432 1693 492 1731 non
504 1675 625 1743 haerent,
641 1693 725 1730 neca
739 1693 768 1732 se
782 1675 886 1731 recidit
901 1677 955 1732 uisi
966 1694 1039 1749 quos
1053 1676 1083 1730 in
1097 1676 1269 1732 scandalum
1284 1673 1352 1730 mui-

290 1767 327 1820 tis
350 1765 456 1837 positos
477 1764 705 1836 comprehendit.
726 1765 799 1834 Non,
820 1765 949 1837 inquam,
965 1765 1067 1820 recidit
1080 1766 1124 1820 vel
1139 1765 1215 1820 cruit
1229 1781 1247 1820 a
1260 1781 1290 1820 se
1302 1763 1350 1818 nisi

291 1855 456 1910 membrum
468 1852 545 1925 quod
559 1853 635 1908 sanis
647 1853 784 1908 membris
797 1853 826 1908 in
841 1853 1030 1910 offensionem
1045 1855 1075 1909 et
1087 1853 1249 1926 perniciem
1263 1853 1353 1909 nosci·

291 1947 340 1999 tur
356 1942 504 1998 exstitisse.
520 1943 624 1997 Verum
639 1941 676 1996 ad
688 1941 869 2013 propositum
883 1943 1034 1998 redeamus
1044 1943 1066 1998 ⁴.

327 2031 462 2104 Suggerit
479 2033 613 2086 sanctitas
627 2029 741 2085 vestrae
755 2031 964 2086 Herimannum
979 2031 1145 2104 episcopum
1159 2032 1298 2087 morbum
1311 2029 1354 2085 in-

292 2121 424 2192 currisse,
445 2137 500 2193 quo
522 2119 571 2175 diu
589 2120 597 2174 i
602 2119 745 2191 mpeditus
760 2123 803 2175 cst
817 2121 977 2193 episcopale
991 2123 1068 2176 recte
1081 2121 1203 2192 implere
1217 2119 1352 2176 cilicium.

293 2211 396 2266 Sensus
415 2208 503 2276 anun,
523 2211 555 2262 ut
573 2211 666 2264 vestra
684 2208 747 2280 ipsa
759 2209 846 2264 verba
860 2225 1013 2281 ponamus,
1027 2208 1178 2281 aliquoties
1192 2209 1353 2280 integritale

292 2299 430 2370 privatus,
443 2297 576 2369 quaedam
591 2298 692 2352 insano
708 2297 855 2353 simillima
868 2297 1040 2353 admittebat
1049 2296 1071 2354 ³.
1084 2299 1178 2370 Atque
1191 2295 1354 2353 subinfertis

294 2386 371 2458 quod
394 2385 431 2441 ad
453 2386 640 2458 provinciales
660 2383 783 2457 synodos
802 2389 935 2442 evocatus
948 2386 1045 2442 venire
1059 2385 1201 2441 distulerit
1209 2382 1232 2442 ⁴.
1249 2377 1302 2442 Ubi
1318 2389 1354 2441 at-

292 2477 371 2530 tente
387 2473 630 2530 considerandum
645 2478 698 2543 est,
715 2475 853 2546 quoniam
867 2475 922 2531 hoc
934 2475 1030 2546 ipsum
1049 2492 1105 2547 quo
1124 2473 1241 2530 venitur
1259 2471 1297 2531 ad
1314 2492 1355 2548 sy·

294 2564 414 2630 nodum,
428 2563 605 2619 sacerdotale
618 2561 746 2619 officium
757 2567 813 2632 est;
830 2567 859 2619 et
873 2581 940 2619 cum
950 2561 1077 2620 dixeritis
1086 2563 1166 2619 illum
1178 2562 1353 2623 sacerdotale

293 2671 351 2711 noo
362 2651 487 2725 potuisse
499 2652 620 2724 implere
635 2655 712 2707 recte
727 2652 856 2708 cilicium
865 2651 888 2724 ⁵,
902 2669 1056 2724 sensusque
1069 2651 1269 2724 integritatem
1283 2651 1354 2707 ami-

295 2743 373 2811 sisse,
388 2740 529 2796 miramur
544 2741 735 2797 reverentiam
754 2744 878 2797 vestram
895 2758 962 2797 cum
977 2741 1076 2796 venire
1095 2741 1133 2796 ad
1149 2741 1292 2813 synodum
1312 2755 1354 2795 co

295 2831 404 2902 egisse:
419 2830 581 2902 praesertim
596 2847 661 2884 cum
680 2829 732 2901 ipsi
752 2830 896 2885 testemini
919 2830 1020 2887 insano
1038 2831 1116 2885 hunc
1137 2830 1272 2900 similem,
1287 2827 1353 2886 etin

295 2920 398 2978 eadem
412 2919 506 2975 adhuc
527 2918 697 2974 infirmitate
719 2935 854 2988 manere;
875 2935 963 2992 quem
986 2919 1010 2974 si
1032 2919 1073 2976 ita
1095 2922 1241 2990 gravatur,
1264 2917 1353 2990 magis

327 3140 351 3188 l.
368 3135 443 3189 Vides
457 3141 484 3186 ut
498 3135 531 3186 sit
542 3135 642 3199 longum
656 3151 701 3188 nec
714 3136 766 3188 sine
778 3143 830 3188 arte
843 3137 976 3189 exordium.

326 3219 351 3266 2.
368 3217 463 3268 Etenim
475 3216 573 3269 Wenilo
586 3216 616 3266 ab
630 3217 669 3266 his
683 3233 750 3268 orsus
764 3223 817 3269 erat
834 3233 841 3270 a
856 3218 1042 3281 «Suggerimns
1060 3217 1264 3268 mansuetissime
1279 3225 1354 3284 pster-

295 3295 366 3346 nitati
379 3302 465 3346 vestra
475 3312 499 3360 a,
509 3303 570 3361 eta.;
579 3297 641 3347 unde
652 3299 704 3362 jam
713 3312 760 3347 non
773 3298 872 3348 dubiam
882 3304 919 3348 est
928 3299 986 3363 quin
998 3298 1100 3363 scriptor
1111 3297 1248 3364 pontificius
1259 3298 1290 3348 sd
1299 3299 1354 3350 hane

295 3376 432 3429 Wenilonis
444 3376 578 3442 epistolam,
593 3392 641 3427 non
651 3376 682 3427 ad
695 3377 767 3428 aliam
781 3379 938 3444 rescripserit.

327 3459 351 3507 3.
367 3454 467 3507 Dixerat
484 3462 580 3507 tantum
592 3457 699 3522 Wenilo,
714 3458 887 3508 Herimaonum
905 3473 957 3508 esse
972 3476 983 3504 c
997 3463 1080 3509 mente
1098 3471 1146 3508 non
1164 3455 1261 3522 integra
1273 3475 1301 3521 a;
1317 3460 1354 3510 sed

296 3537 397 3602 scriptor
408 3537 543 3601 pontificius
561 3553 608 3588 non
624 3543 675 3588 tam
688 3539 738 3603 ipsa
748 3539 821 3589 verba
833 3538 1003 3604 archiepiscopi
1019 3539 1162 3590 Senonensis
1175 3539 1267 3602 retulit,
1286 3554 1354 3606 quam
1440 3587 1441 3592 ,

296 3616 459 3682 amplificavit,
481 3625 507 3667 ot
528 3618 663 3683 Stephanus
684 3618 781 3679 Beluae,
801 3619 839 3668 cui
859 3633 907 3669 non
927 3625 1010 3669 notum
1027 3623 1079 3668 erat
1099 3619 1153 3682 quis
1170 3619 1222 3668 hac
1242 3619 1353 3670 Nicolail

297 3698 394 3748 nomine
408 3697 538 3761 scripserit,
555 3703 580 3748 et
593 3713 707 3762 quorsum
721 3705 813 3749 astutus
824 3699 864 3749 ille
882 3700 915 3750 ita
929 3698 1096 3764 amplificando
1108 3704 1237 3766 spectaret,
1250 3699 1355 3752 Wenilo·

297 3778 335 3828 nis
360 3777 485 3843 epistolam
503 3779 532 3827 ad
550 3793 594 3828 nos
611 3793 659 3828 non
676 3779 796 3842 integram
820 3780 956 3844 pervenisse
978 3780 1023 3830 sibi
1046 3777 1191 3844 persuaserit
1211 3779 1247 3844 (v.
1268 3781 1354 3843 maus,
1440 3829 1441 3852 ,

296 3866 317 3908 t.
331 3858 417 3921 CXIX,
432 3872 457 3922 p.
470 3860 514 3908 em
524 3857 562 3922 C),
582 3873 718 3923 quanquam
734 3860 771 3908 ba
788 3858 874 3910 litterae
891 3860 941 3910 suis
956 3860 1069 3910 omnibus
1087 3859 1204 3910 membris
1222 3861 1354 3926 composita

296 3952 406 4002 nexuque
418 3943 533 4003 perpetuo
545 3938 686 3988 continuatas
698 3937 819 3989 videntur.
895 3967 899 3976 ·

328 4021 352 4069 l.
368 4020 461 4068 Rursus
473 4026 603 4080 exaggerat
618 4019 768 4082 anastasium
782 4033 839 4068 nam
852 4021 873 4069 si
883 4019 982 4073 Wenilo
993 4021 1166 4070 ilerimannum
1178 4038 1190 4067 a
1200 4019 1353 4084 admonitum,

297 4113 325 4148 ac
344 4097 386 4147 diu
405 4104 569 4163 exspectatum
588 4117 601 4146 s
622 4098 721 4164 dixerat,
735 4105 816 4150 umen
829 4099 893 4150 istud
911 4119 923 4148 o
936 4100 966 4150 ad
988 4100 1145 4166 provinciales
1164 4100 1294 4166 synodos»
1313 4115 1354 4150 non

298 4185 461 4243 usurpaverat.

330 4259 353 4308 5.
368 4261 419 4308 lloc
432 4258 585 4310 aWenilone
599 4259 731 4322 expressius
740 4265 861 4326 sumptum
873 4267 918 4325 est,
934 4261 977 4326 qui
986 4259 1021 4311 sie
1034 4275 1116 4312 revera
1126 4261 1272 4325 scripserat:
1291 4263 1353 4311 ain-

298 4335 363 4401 plers
377 4351 425 4390 non
438 4337 527 4390 sufficit
539 4339 619 4403 ipsum
630 4339 736 4390 cilicium
747 4359 770 4391 a.
