2944 5060
622 1087 692 1157 VII

336 1331 494 1382 ULTIMAE
523 1329 732 1380 ANASTASII
759 1332 981 1380 PALINODIAE

129 1561 149 1609 I.
165 1559 282 1610 Iohannis
296 1575 363 1625 papae
377 1562 435 1611 VIII
450 1560 572 1624 ingenium
591 1567 616 1612 et
634 1561 735 1612 indoles.
755 1588 787 1600 -
806 1563 839 1612 ΙΙ.
855 1564 908 1623 Quo
923 1570 992 1629 paeto
1006 1564 1146 1614 Anastasius
1160 1579 1189 1614 ex

158 1641 281 1690 acerrimis
292 1655 348 1690 oum
361 1641 445 1692 Carolo
457 1643 530 1692 Caluo
546 1641 677 1691 inimieitiis
691 1643 851 1693 amicissimus
864 1643 973 1706 ejusdem
993 1645 1057 1706 regis
1076 1644 1187 1695 evaserit.

156 1747 187 1760 -
198 1722 243 1771 ΙΙΙ.
260 1721 299 1772 Fit
311 1723 384 1787 ipsius
394 1722 474 1772 Photii
491 1729 623 1772 assentator
634 1724 782 1774 Anastasius.
798 1750 829 1761 -
848 1722 891 1777 IV.
910 1726 963 1784 Quo
980 1730 1087 1790 tempore
1100 1731 1126 1775 et
1141 1739 1189 1791 qua

156 1817 202 1867 aps
214 1801 332 1868 deeeptus
343 1819 372 1854 en
383 1802 485 1854 haesita
494 1803 641 1866 migraverit.
651 1830 683 1842 -
693 1803 726 1856 V.
736 1804 819 1855 'I'otius
831 1805 999 1870 disputationis
1013 1806 1141 1856 oonnlusio.

168 2018 195 2088 1.
222 2019 389 2089 Hadriano
403 2019 434 2088 11
447 2020 481 2089 in
499 2021 610 2090 sedem
624 2021 831 2108 apostolicam
851 2021 1005 2090 suecessit
1020 2019 1186 2092 Iohannes

127 2135 297 2226 papaVIII
307 2135 339 2226 ¹3
355 2136 395 2205 de
411 2158 475 2225 qua
489 2137 842 2226 electionequanquam
854 2157 955 2225 paura
970 2137 1186 2226 aooepimus',

126 2254 161 2321 id
192 2263 301 2321 tamen
322 2263 447 2321 eertum
471 2263 519 2322 est
537 2255 613 2322 huie
637 2254 781 2342 pontifici
801 2273 957 2341 magnam
984 2253 1083 2322 fuisse
1114 2253 1187 2324 ani·

124 2391 256 2438 morum
269 2368 535 2458 eonjunotionem
545 2391 622 2438 oum
637 2368 826 2438 Hludowioo
840 2370 1037 2456 imperatore
1051 2369 1187 2459 ejusque

126 2487 266 2574 conjuge
278 2483 516 2574 Engelherga³.
532 2487 639 2566 Quare
658 2485 863 2573 Anastasius
883 2486 1089 2573 imperatoris
1106 2487 1188 2556 umi-

156 2668 179 2715 I.
198 2662 347 2715 «Adrianus
366 2678 428 2728 papa
446 2663 556 2727 moritur,
570 2668 596 2713 et
610 2662 730 2716 Iohannes
745 2662 924 2713 archidiaconus
941 2666 1054 2715 Romana
1072 2663 1185 2724 ecelesiae,

127 2747 156 2796 19
168 2744 282 2794 kalendas
293 2744 409 2808 Ianuarii,
428 2743 452 2792 in
468 2743 546 2794 locum
562 2744 613 2807 ejus
625 2742 785 2793 substituitur.
800 2761 814 2791 u
826 2744 949 2794 Hinemari
966 2744 1088 2808 Arinates,
1102 2760 1125 2794 a.
1141 2748 1186 2795 312

126 2825 216 2889 (Peru,
228 2827 249 2888 1,
265 2827 331 2889 191).
344 2824 390 2884 Qui
408 2823 458 2874 dies
471 2839 526 2874 eum
538 2829 601 2873 esset
612 2823 753 2887 dominicus,
765 2824 899 2875 Iohannem
913 2825 971 2875 VIII
981 2825 1007 2874 in
1020 2839 1048 2874 eo
1058 2839 1107 2874 non
1121 2824 1186 2876 elec-

125 2911 186 2970 tum,
205 2905 418 2955 sedeonsaeratum
432 2895 484 2954 ess'e
501 2904 602 2968 conjecit
615 2903 755 2954 Francisous
768 2905 828 2966 Pagi
843 2905 876 2970 (r.
886 2905 1048 2954 Breviorium
1056 2907 1186 2969 pastorum
1249 2959 1252 2966 ,

124 2987 295 3037 Romanorum
307 2985 467 3050 pontificum,
480 2991 498 3034 t.
514 2985 534 3045 I,
551 2999 575 3048 p.
591 2985 656 3043 aaut

154 3070 178 3117 2.
193 3067 256 3116 Nam
275 3066 331 3114 Vita
348 3065 463 3116 Iohannis
475 3065 535 3116 VIII
553 3063 579 3112 in
600 3063 673 3114 Libro
693 3062 822 3127 pontificali
842 3079 891 3113 non
912 3062 986 3114 relata
1002 3069 1051 3128 est,
1074 3069 1099 3114 at
1121 3069 1186 3115 certe

123 3148 230 3198 evanuit.
242 3147 275 3199 V.
291 3147 325 3196 Le
334 3161 400 3212 pope
411 3146 531 3196 Formosa
547 3144 583 3212 (p.
597 3143 691 3209 2015),
704 3143 745 3193 ubi
766 3144 840 3194 etiarn
857 3145 940 3209 aperui
956 3145 1083 3195 tuchonem
1099 3160 1185 3210 quam-

123 3227 179 3278 dam
195 3229 367 3291 Romanorum‚
383 3240 425 3291 pro
436 3227 550 3276 Formosa
567 3239 630 3290 papa
643 3223 780 3288 deligendo,
794 3224 908 3275 adversus
916 3225 1051 3276 Iohannem
1066 3225 1186 3276 archidia-

123 3323 211 3359 oonum
223 3306 342 3357 laborasse
355 3306 389 3373 (p.
402 3307 468 3370 203).

154 3391 178 3440 3.
194 3390 228 3440 Ut
245 3387 397 3438 Hludowicus
412 3388 663 3451 imperatum-mortem
677 3384 832 3450 prospiciens,
842 3385 946 3448 Iohanni
959 3401 1027 3452 papae
1036 3388 1094 3440 VIII
1108 3387 1186 3437 uxoris

123 3485 171 3520 suas
180 3469 280 3519 tutelam
296 3483 324 3519 aa
340 3467 502 3517 defensionem
516 3466 679 3516 mandaverit:
689 3482 703 3513 a
712 3463 892 3528 Angeihergam
902 3466 976 3517 tiliam
987 3474 1100 3530 nostram,
1115 3483 1186 3532 quam

123 3549 185 3601 divae
204 3549 326 3599 memorie
344 3547 477 3599 Ludosious
490 3562 530 3597 rex
549 3552 615 3611 pater
629 3545 778 3610 imperatoris
795 3545 883 3610 (Caroli
899 3548 997 3613 Crassi),
1010 3555 1035 3598 et
1053 3548 1187 3599 Ludoricus

124 3630 254 3696 imperator
266 3629 303 3679 vir
313 3631 366 3693 eJus
377 3628 445 3678 nobis
457 3628 556 3676 Verona
566 3625 800 3689 commendaverunt,
808 3641 836 3675 ao
847 3629 1002 3691 postmodum
1011 3630 1062 3692 ipsa
1071 3644 1096 3678 se
1106 3634 1187 3678 saneto

123 3711 195 3760 Petro
210 3708 318 3759 tradidit.
333 3728 344 3756 a
361 3709 477 3758 Iohannis
495 3708 552 3757 VIII
572 3707 653 3771 Epist.
675 3704 712 3754 ud
732 3719 817 3754 omues
831 3707 960 3771 episcopos
980 3707 1064 3758 Italica
1084 3708 1186 3772 (Migne,

123 3795 141 3840 t.
159 3790 270 3851 CXXVI,
284 3805 323 3855 ep.
334 3791 388 3849 316,
403 3803 426 3853 p.
442 3790 487 3838 925
493 3801 502 3851 ;
517 3787 548 3836 oi.
564 3785 637 3847 ibid..
649 3799 689 3849 ep.
704 3786 758 3848 315,
772 3800 797 3849 p.
808 3788 852 3836 921
864 3787 897 3850 C3
912 3792 937 3836 et
951 3787 1063 3837 Annales
1075 3787 1187 3838 11611196-

122 3887 171 3936 aea,
184 3887 208 3922 a.
223 3873 278 3934 311,
302 3872 381 3932 Perta,
397 3871 418 3934 1,
433 3869 501 3932 588).
514 3869 594 3931 Atque
608 3865 684 3930 hujus
698 3865 816 3929 pontificis
833 3866 965 3928 efflagitatu
986 3867 1138 3930 [ingelberga
1157 3868 1187 3917 ah

121 3952 206 4002 exsilio
221 3952 245 4000 in
264 3950 399 4001 hbertatem
412 3949 533 4000 vindicata
552 3952 597 3997 est.
617 3946 655 3996 uf.
677 3946 799 3995 Hinemari
818 3946 936 4010 Annales,
953 3963 976 3996 s.
997 3949 1042 3997 882
1064 3947 1153 4012 (Portu,
1168 3949 1187 4013 I,

121 4032 188 4095 511),
201 4045 257 4080 eum
267 4029 384 4082 Iohannis
397 4030 456 4079 VIII
468 4029 552 4093 Epist.
567 4026 603 4076 ud
618 4024 738 4076 Garolum
752 4025 874 4075 Crassum
885 4027 986 4090 (origne,
999 4031 1016 4075 t.
1029 4027 1137 4090 CXXVI,
1147 4042 1186 4092 ep.

120 4113 176 4176 355,
192 4127 216 4177 p.
232 4111 298 4175 950).
315 4112 409 4170 Quanta
426 4115 507 4159 autem
527 4109 589 4157 inter
601 4105 735 4157 Iohannem
752 4105 809 4154 VIII
822 4114 848 4154 et
858 4104 988 4154 uludowioi
1000 4120 1098 4156 uxorem
1111 4107 1187 4156 inter·

121 4192 195 4242 tuerit
208 4191 315 4241 amicitia
327 4191 430 4256 probent
446 4189 492 4238 illae
505 4185 588 4236 multa
603 4187 673 4249 hujus
685 4183 802 4248 pontificis
812 4183 905 4248 litteras,
922 4198 984 4248 quse,
995 4200 1051 4235 oum
1060 4187 1114 4236 vivo
1125 4187 1189 4237 Hiu-

121 4271 282 4334 dowieo‚tum
296 4270 383 4320 eodem
397 4275 500 4330 mortuo,
514 4266 545 4316 ad
559 4264 737 4327 angelbergam
749 4264 882 4324 Augustam
893 4263 986 4327 scriptae
995 4271 1061 4315 sunt.
1072 4267 1103 4316 V.
1118 4265 1188 4331 Iano,

121 4367 146 4402 n.
158 4353 231 4415 2966,
246 4352 319 4416 3006,
329 4352 403 4414 3023,
416 4351 487 4412 3028,
497 4349 567 4411 3030,
579 4347 650 4409 3031,
666 4344 737 4405 3085,
749 4344 820 4408 3121,
833 4345 903 4408 3111,
919 4345 990 4412 3116,
1002 4348 1072 4410 3159,
1086 4347 1155 4400 3210.

1038 4437 1068 4486 18
