2960 5052
233 429 262 476 'ld
327 419 1207 478 onnlcotnotmen1tttttstlttnl²ntt1t1ttttntts

233 589 303 637 esse
326 577 435 656 queat,
463 565 657 652 inhaere,
687 563 822 632 societas
846 562 990 631 veritatis
1016 583 1093 630 oum
1119 565 1304 633 reverentia

234 685 390 753 Romanae
405 680 502 748 sedis.

279 798 321 866 Il.
347 797 449 864 Multa
475 795 510 861 in
534 813 573 862 eo
595 793 748 882 pontifice
776 791 876 880 digna
905 801 984 860 sunt
1011 813 1083 879 quae
1110 792 1305 879 diligentius

236 908 491 999 perpendantur,
513 907 568 975 sed
593 907 675 974 nihil
700 906 806 993 magis
829 905 1081 974 admirationem
1100 905 1188 992 lacit,
1202 927 1305 994 quam

237 1024 399 1114 quomodo
417 1025 471 1091 ille
492 1031 525 1092 et
544 1021 665 1110 quibus
679 1021 807 1090 auxiliis
820 1041 988 1089 summum
1000 1022 1182 1089 obtinuerit
1195 1023 1307 1110 ponti·

237 1143 383 1208 ficetum.
407 1138 504 1206 Hono
526 1136 615 1205 enim
632 1135 817 1222 Nicolaum,
838 1135 891 1204 oni
912 1136 1001 1205 laudi
1022 1137 1164 1204 maxime
1189 1137 1306 1205 datum

237 1255 395 1343 estquod
427 1252 559 1340 regibus
593 1272 630 1319 ae
662 1249 811 1340 tyrannis
840 1250 1029 1339 imperavit,
1054 1251 1190 1340 perinde
1219 1274 1257 1320 ac
1277 1252 1306 1320 si

239 1370 490 1440 essetdominus
504 1367 593 1436 orbis
617 1376 781 1435 terrarum
793 1367 817 1452 ¹,
840 1367 963 1454 quique
985 1388 1096 1435 revera
1115 1367 1307 1437 Hludowico

240 1483 428 1574 imperatori
448 1504 515 1552 non
538 1482 639 1550 semel
658 1491 707 1550 est
720 1482 921 1568 adversatos,
936 1480 1085 1568 ejusdem
1099 1482 1307 1569 imperatoris

241 1606 396 1684 potestate
414 1595 619 1683 stationeque
640 1594 680 1662 ad
697 1594 808 1662 sedem
820 1595 1029 1683 apostolicam
1042 1604 1190 1663 evectum
1206 1594 1308 1664 luisse

242 1721 380 1781 constat.
844 1788 847 1794 ¹

287 1827 435 1894 Primum
456 1835 572 1896 testem
592 1825 752 1894 habemus
773 1825 1005 1907 Prudentium,
1027 1826 1215 1913 episcopum
1229 1825 1310 1893 Tre·

242 1963 387 2030 oensem,
402 1952 498 2030 atquo
511 1942 702 2030 scriptorem
716 1941 779 2007 illis
792 1940 994 2026 temporibus
1008 1943 1176 2023 aequalem,
1190 1940 1263 2028 qni,
1274 1943 1309 2007 in

244 2059 312 2128 suis
335 2059 532 2145 Annalibus,
548 2058 678 2125 remita
699 2057 867 2124 narravit:
893 2080 910 2122 a
931 2055 1124 2124 Benedictus
1139 2057 1311 2124 Romanus

245 2175 390 2264 pontifex
421 2175 574 2258 moritur,
605 2171 758 2240 Nicolaus
781 2171 960 2262 praesentio
985 2172 1093 2262 muqis
1121 2194 1161 2238 uc
1189 2175 1313 2261 favore

245 2287 436 2357 Hludowici
460 2286 547 2375 repis
571 2298 603 2353 et
623 2309 799 2375 procerum
824 2287 893 2376 ejus
917 2308 1018 2374 qnam
1049 2287 1126 2355 cleri
1154 2288 1313 2355 electione

246 2400 491 2472 substituitur&
508 2425 524 2466 a
543 2402 623 2482 Quae
638 2402 735 2470 verba
751 2424 816 2469 non
838 2405 883 2470 ita
901 2402 1078 2489 premenda
1094 2403 1257 2486 videntur,
1275 2415 1313 2470 ut

248 2539 315 2585 non
330 2519 436 2584 clerus
450 2518 619 2586 Romanus
634 2518 789 2605 suffragia
804 2519 950 2605 tulisset3
971 2519 1027 2586 sed
1046 2530 1153 2604 partes
1171 2519 1315 2605 imperu-

248 2633 328 2702 toris
341 2632 473 2701 Nicolao
489 2633 629 2701 maxime
649 2632 778 2720 lavisse,
801 2643 872 2700 turn
892 2653 927 2701 ex
948 2636 1009 2700 hoo
1023 2633 1224 2718 testimonio,
1240 2644 1314 2701 tum

248 2770 285 2817 ex
299 2748 399 2817 Libro
412 2749 588 2836 pontificali
603 2749 835 2836 comprobatur
845 2746 869 2816 ³.

293 2864 445 2951 etenim,
473 2876 511 2932 ut
537 2864 572 2932 an
600 2864 678 2933 vita
706 2825 830 2931 nadal
864 2864 1003 2932 relatum
1032 2874 1097 2948 est,
1124 2864 1317 2932 nruoowaa

250 2980 439 3066 imperatori
452 2981 498 3048 sie
508 2989 667 3049 statutum
681 3001 718 3047 aa
730 2979 946 3047 deliberatum
962 2989 1030 3047 erat
1043 3000 1077 3048 se
1089 2980 1316 3048 Romanorum

250 3095 414 3181 suffragiis
436 3095 655 3183 interponere,
673 3104 722 3182 ut,
739 3115 929 3182 quanquam
944 3116 1056 3163 reeens
1073 3097 1177 3164 Roma
1196 3096 1319 3164 disces-

252 3211 358 3297 sisset,
374 3219 498 3295 tamen,
514 3210 622 3278 audita
636 3219 740 3278 morte
756 3209 923 3279 Benedicti
939 3232 1029 3298 pepae
1047 3211 1108 3298 lll,
1132 3210 1172 3276 ad
1188 3211 1316 3281 Urbem

252 3346 351 3415 qnam
372 3325 528 3394 citissime
546 3324 693 3414 redierit,
712 3325 824 3414 ibique
836 3345 874 3396 eo
888 3346 993 3414 usque
1007 3327 1201 3395 remanserit
1214 3327 1319 3396 donec

285 3560 308 3608 l.
327 3554 458 3617 llepinonia
472 3553 620 3616 chronicon,
634 3553 652 3605 l.
667 3569 689 3605 e.

284 3639 308 3687 2.
327 3633 450 3686 Prudentii
463 3634 586 3698 Annales,
602 3650 625 3685 a.
640 3637 685 3686 858
703 3635 793 3700 (Perta,
808 3635 866 3699 SS.,
879 3641 898 3687 t.
914 3635 934 3697 l,
950 3650 975 3698 p.
990 3635 1055 3700 tte).

284 3718 308 3766 3.
326 3716 470 3779 Quanquam
479 3713 581 3777 scriptor
593 3713 737 3778 pontificius,
752 3723 856 3777 servata,
871 3720 898 3763 ot
912 3728 954 3778 par
964 3719 1024 3778 erat,
1034 3713 1186 3778 verecundia,
1202 3727 1248 3763 non
1260 3714 1322 3764 adeo

255 3795 358 3856 ingenue
373 3796 462 3846 latetur
472 3793 565 3844 animos
578 3795 739 3844 Romanorum
750 3794 780 3843 ab
792 3794 937 3859 imperatore
954 3793 1027 3843 luisse
1043 3800 1227 3858 preoccupatae.
1246 3795 1323 3846 Reate

255 3873 328 3936 igitur
337 3874 436 3926 Carolus
450 3875 527 3939 Bayet
540 3888 546 3923 :
560 3874 615 3924 «Lo
628 3871 790 3937 chroniqueur
802 3872 901 3924 francla
914 3873 993 3922 misor
1005 3872 1107 3922 inlormd
1117 3873 1147 3923 de
1156 3888 1184 3923 ca
1194 3879 1272 3938 tempe
1286 3873 1324 3923 dit

255 3968 302 4018 que
313 3953 407 4004 Nioolas
421 3953 505 4004 devint
517 3967 579 4020 pape
590 3952 668 4018 pluttt
680 3965 723 4017 par
732 3952 756 4002 la
764 3951 847 4002 lavaur
857 3952 888 4002 de
900 3952 974 4004 Louia
987 3959 1013 4002 et
1024 3952 1054 4002 de
1065 3967 1104 4002 aas
1117 3952 1205 4015 grands
1218 3967 1266 4018 que
1280 3967 1324 4017 par

256 4032 375 4083 l’dlection
387 4034 420 4084 du
433 4034 523 4098 clarge.
538 4036 570 4086 ttt
578 4035 598 4084 ai
609 4032 632 4084 la
646 4032 778 4098 biographo
788 4033 910 4096 pontilleal
926 4032 1026 4084 n'avoue
1036 4034 1104 4098 point
1116 4032 1136 4083 si
1151 4040 1286 4083 nattemeut
1300 4033 1324 4082 la

257 4113 343 4174 verite,
365 4113 397 4163 du
418 4116 494 4165 moins
509 4115 525 4165 il
542 4115 565 4165 la
579 4116 649 4165 laissa
663 4112 814 4164 antandro.»
831 4113 877 4162 Les
894 4113 1013 4163 dleetions
1031 4113 1192 4178 ponlt'ficaIes
1207 4127 1265 4163 sous
1287 4113 1324 4161 les

260 4191 435 4258 Corola'upa'ens
447 4210 481 4244 nu
503 4205 564 4248 tune
581 4201 606 4248 et
622 4211 656 4246 uu
680 4203 720 4246 ιι·
745 4192 828 4257 siecle,
844 4208 869 4258 p.
888 4195 927 4245 dl.
948 4193 1039 4244 Extrait
1055 4193 1085 4244 do
1105 4193 1129 4244 la
1148 4195 1228 4244 deoate
1246 4193 1326 4244 ba'sto-

259 4274 338 4339 rr'quc,
351 4288 374 4322 a.
391 4275 459 4324 ¹8⁸3.
