2960 5052
267 412 297 460 tl
479 457 484 466 ,
514 407 561 456 DE
582 401 788 456 Anasnlsu
811 404 986 468 ORIGINE,
1008 405 1087 456 ETC.

266 551 467 642 temporibus
488 549 565 636 illis,
587 547 804 616 eruditionem
817 547 977 616 hausisse.
990 548 1242 639 Verumtamen,
1259 572 1333 618 cum

265 669 347 735 nihil
368 664 555 752 argumenti
575 663 611 730 in
634 669 786 751 promptu
810 663 963 750 habeam,
983 684 1054 732 rem
1072 665 1247 752 profligare
1269 686 1333 733 non

269 783 388 850 ausim.

312 895 357 967 Ut
379 904 417 964 ut
433 895 493 983 sit,
510 897 579 964 haec
602 893 684 960 mihi
702 893 773 982 jam
793 891 976 962 obtinuisse
991 892 1102 962 videor
1121 895 1161 962 ad
1180 905 1333 982 quarata

267 1010 367 1098 hujus
393 1010 508 1097 capitis
535 1009 618 1078 ratio
652 1009 834 1096 spectabat,
872 1029 1010 1097 quasque
1037 1011 1196 1078 hactenus
1224 1011 1334 1079 multis

269 1125 413 1195 tenebris
441 1123 638 1194 circumfusa
659 1133 764 1213 erant,
790 1124 913 1194 scilicet
934 1125 1147 1193 Anastasium
1166 1125 1335 1194 bibliothe-

269 1243 395 1309 carium
405 1240 545 1308 Arsenio
557 1249 690 1327 parente
701 1240 969 1326 nobilissimaque
979 1240 1206 1308 Romanorum
1216 1239 1334 1308 familia

271 1365 380 1424 ortum
390 1364 579 1443 esse,atque
588 1374 663 1423 eum
673 1353 773 1422 luisse
784 1375 848 1421 non
858 1353 929 1421 dico
943 1355 1049 1421 solum
1062 1355 1212 1422 omnium
1221 1355 1334 1423 Rome·

272 1491 391 1537 norum
401 1467 426 1556 ¹,
447 1469 502 1538 scd
526 1488 610 1558 pene
628 1489 735 1537 unum
755 1489 793 1537 ex
812 1469 1012 1556 primoribus
1029 1469 1107 1536 cleri
1121 1469 1264 1537 Romani
1282 1470 1334 1558 qui

272 1585 421 1672 linguam
445 1605 586 1672 graecam
606 1585 823 1673 percalluerit.
845 1583 925 1664 Qua
947 1583 1013 1652 duo
1031 1585 1334 1652 necessariumduri

272 1701 376 1769 fusius
395 1721 593 1788 proponere,
617 1709 656 1768 ut
682 1721 720 1768 ea
743 1701 791 1768 eis
811 1698 882 1787 jam
906 1701 1023 1768 melius
1045 1700 1337 1789 intelligaturque

272 1815 369 1884 fuerit
397 1816 624 1886 Anastasianas
658 1815 797 1884 fortunar
831 1816 940 1903 origo,
975 1837 1057 1904 quas
1088 1815 1130 1883 ob
1164 1836 1279 1886 causas
1311 1817 1336 1883 is

274 1931 543 2001 bibliothecarius
561 1951 716 2020 magnam
738 1931 962 2000 auctoritatem
983 1931 1018 1998 in
1037 1931 1170 2000 ecclesia
1190 1931 1336 2000 Romana

274 2048 437 2116 habuerit.

307 2243 330 2289 Ι.
347 2242 457 2303 Namque
467 2238 518 2302 ipae
529 2239 671 2289 Anastasius
679 2238 753 2288 alium
763 2239 893 2304 quemdem
904 2238 1015 2306 (lucritne
1025 2237 1066 2290 illo
1079 2239 1176 2288 Graecus
1188 2252 1219 2288 an
1231 2237 1338 2302 Latinus,

276 2317 374 2380 nescio),
389 2323 413 2366 ln
426 2317 493 2366 sctis
507 2320 533 2369 S.
551 2318 648 2367 Martini
662 2333 729 2384 papa
743 2319 816 2370 latina
831 2319 960 2382 vertendis,
974 2318 1111 2382 adjutorem
1124 2318 1170 2367 sibi
1184 2319 1338 2382 assumpsisse

276 2397 400 2446 confossus
415 2402 453 2446 est
468 2411 475 2446 :
491 2397 617 2461 «Verum,
639 2398 682 2462 ait,
701 2399 773 2462 hrrjus
786 2399 864 2463 operis
881 2398 961 2449 madia
974 2399 999 2447 in
1019 2398 1074 2448 aliis
1087 2397 1217 2462 implicitus
1231 2399 1282 2463 ipsa
1294 2411 1338 2447 non

276 2476 396 2539 transtuli,
404 2476 482 2526 sedab
489 2476 535 2527 alio
543 2477 619 2541 petitu
631 2492 685 2527 meo
697 2478 861 2543 interpretatu,
870 2478 1022 2543 postmodum
1032 2479 1056 2527 in
1066 2477 1212 2544 quibusdam
1219 2477 1338 2529 correxi.»

277 2556 396 2608 Anastasii
405 2555 520 2621 Epistola
528 2556 564 2606 ud
572 2557 713 2607 Martiarum
724 2558 974 2622 episcNarniensem
983 2558 1085 2622 (migne,
1092 2564 1111 2609 t.
1118 2559 1228 2621 cxxix,
1240 2574 1264 2622 p.
1276 2557 1337 2620 585).

277 2639 357 2701 Atque
381 2637 406 2686 ln
422 2637 480 2686 Vita
497 2637 609 2687 Hadriani
630 2639 663 2697 ll,
686 2637 776 2687 mantio
797 2642 835 2686 est
852 2638 957 2687 vlmrum
975 2644 1076 2703 utraque
1089 2638 1337 2701 bnguacruditorum,

278 2717 366 2783 quibus
383 2720 449 2788 Acte¹
463 2717 546 2782 synodi
560 2717 682 2768 Photianae
700 2716 802 2780 legenda
819 2716 907 2766 tradita
923 2717 972 2767 sint
989 2718 1106 2782 (Vignoli,
1121 2725 1140 2768 t.
1159 2719 1205 2783 Ill,
1221 2733 1247 2784 p.
1267 2718 1337 2781 237);

278 2811 417 2863 quanquam
428 2797 468 2848 bic
480 2793 600 2863 precipua
613 2797 652 2861 agi
663 2797 694 2849 da
707 2795 833 2849 Anastasio
846 2801 927 2848 nostro
938 2797 988 2848 vari
1005 2796 1084 2848 simila
1099 2797 1216 2848 rideatur.
