2944 5060
505 460 700 514 APPENDIX
726 461 840 513 ruloa
1130 481 1133 486 ·
1156 464 1201 514 291

135 607 235 679 priam
249 605 385 661 deserens
396 604 432 660 ad
446 604 535 661 aliam
548 605 755 678 properaverit,
767 605 811 661 vel
820 605 886 660 inde
902 605 1022 662 omnino
1035 603 1203 676 demigrans

136 697 170 753 in
186 695 273 752 aliam
287 694 454 767 parochiam
470 711 523 767 per
536 696 627 751 multa
640 700 773 768 tempora
796 695 897 750 nititur
911 694 1071 762 immorari,
1085 694 1203 750 ulterius

135 785 249 841 ibidem
261 801 320 840 non
332 784 475 840 ministret
491 785 636 840 :maxime
652 786 676 839 si
690 784 803 840 vocanti
818 801 869 840 suc
891 785 1036 857 episcopo,
1050 787 1079 840 et
1090 783 1204 856 regredi

137 875 178 930 ad
195 874 341 947 propriam
354 874 521 946 parochiam
536 873 732 930 commonenti
752 873 869 930 obedire
888 873 1110 946 contempserit3
1127 874 1205 946 quod

136 963 161 1020 si
187 963 215 1018 in
238 963 292 1019 hac
312 963 572 1034 indisciplinatione
591 963 737 1036 perdurat,
755 963 945 1019 aministeric
960 962 1053 1019 modis
1071 963 1205 1019 omnibus

137 1057 333 1120 removeatur,
347 1052 387 1107 ita
401 1055 433 1107 ut
443 1068 628 1125 naquaquam
640 1052 735 1109 locum
750 1051 941 1108 restitutionis
955 1051 1092 1111 inveniat.
1114 1052 1206 1119 Quam

139 1142 405 1214 promulgationem
426 1141 455 1198 in
470 1159 546 1204 euru.
569 1142 591 1198 si
610 1142 690 1199 robis
705 1143 808 1216 placet,
825 1143 1027 1215 presbyterum
1040 1141 1206 1214 inserimus,

140 1235 171 1290 et
183 1231 307 1304 propriis
321 1231 455 1287 manibus
467 1231 647 1289 roboramus.

177 1319 280 1375 Praesul
295 1336 425 1376 summus
439 1321 590 1394 respondit
616 1339 623 1378 :
651 1321 756 1377 Placet.
779 1321 856 1376 Tunc
870 1322 983 1376 elevans
999 1337 1029 1376 se
1047 1319 1108 1394 ipse
1131 1336 1206 1393 prae-

141 1410 236 1466 clarus
260 1409 389 1482 pontifex
410 1410 445 1464 de
467 1410 534 1466 sede
554 1427 606 1482 sua
626 1411 667 1466 ait
684 1429 691 1466 ε
709 1409 889 1466 Anastasium
908 1411 970 1482 jam
986 1427 1077 1482 nuper
1091 1426 1207 1466 excom·

139 1499 319 1554 manicatum
345 1498 545 1570 presbyterum
567 1499 645 1554 tituli
665 1497 694 1554 S.
720 1498 856 1567 Marcelli,
879 1497 929 1571 qui
952 1498 1101 1572 propriam
1122 1516 1207 1571 paro-

141 1588 237 1643 chiam
255 1587 432 1660 reliuquens,
447 1587 477 1643 iu
493 1587 587 1644 aliena
601 1604 653 1662 per
665 1589 756 1644 multa
772 1591 908 1660 tempora
921 1587 1023 1643 nititur
1045 1588 1208 1658 immorari,

142 1694 160 1732 a
174 1676 347 1733 sacerdotali
361 1675 523 1732 ministerio
539 1677 633 1732 modis
644 1677 779 1734 omnibus
795 1693 987 1744 removemus,
1001 1677 1043 1732 ita
1057 1679 1089 1732 ut
1107 1678 1202 1733 locum

141 1764 329 1822 restitutionis
344 1781 528 1838 nequaquam
542 1766 679 1822 inveniat.
701 1765 728 1822 Si
745 1765 809 1839 quis
831 1769 929 1822 autem
943 1770 1044 1821 contra
1065 1766 1140 1822 banc
1155 1765 1209 1821 dil-

141 1854 305 1911 finitionem
338 1858 468 1910 nostram
499 1871 680 1928 quocumque
708 1858 841 1927 tempore
871 1870 957 1926 agere
983 1855 1208 1927 praesumpserit,

142 1949 193 2002 aut
208 1961 275 2000 euru
288 1945 439 2001 restituere
454 1944 483 2000 in
498 1961 578 2001 sacro
595 1943 690 2000 alticio
703 1943 867 2014 tentaverit,
882 1943 918 1998 sit
931 1943 958 1998 ei
972 1960 989 1998 a
1003 1943 1107 1998 sanctis
1121 1943 1212 2016 patri-

142 2033 195 2090 hus
216 2036 281 2090 eta
309 2033 392 2089 uobis
415 2033 548 2089 omnibus
570 2033 736 2089 anathema.
763 2033 831 2089 Post
858 2034 920 2090 baec
947 2049 1051 2088 omncs
1083 2031 1210 2104 episcopi

143 2122 247 2179 eadem
272 2123 383 2196 synodo
405 2122 573 2191 residentes,
593 2123 746 2178 unanimes
766 2121 921 2179 dixerunt:
937 2123 971 2178 Et
985 2138 1037 2177 uos
1049 2120 1089 2177 sic
1099 2119 1210 2192 judica-

141 2227 208 2267 mus
236 2212 334 2284 sicque
360 2211 600 2284 irrefragabiliter
625 2211 787 2267 statuimus.
813 2213 847 2267 Et
868 2211 1061 2284 subscripsere
1084 2210 1210 2284 episcopi

147 2317 269 2357 numero
284 2301 383 2360 hXVll.

187 2453 281 2534 Cujus
306 2454 401 2516 etiam
429 2451 551 2515 concilii
577 2453 732 2533 generalis
759 2456 860 2517 exstat
885 2454 1014 2536 epitome
1035 2453 1089 2516 illa
1115 2472 1210 2535 quam

143 2563 207 2622 Leo
222 2560 262 2623 IV
275 2559 315 2622 ad
329 2560 436 2622 valvas
459 2565 626 2640 argenteas
640 2562 671 2623 S.
693 2559 775 2621 Petri
793 2560 946 2642 proscribi
955 2559 1059 2642 jussit.
1076 2563 1163 2656 liano
1177 2561 1208 2621 in

146 2667 304 2730 Hiuomari
320 2667 493 2730 Annalibus
507 2667 648 2728 iuvenire
665 2667 738 2730 est¹.

185 2777 288 2855 Atque
309 2775 347 2836 de
370 2774 481 2836 eodem
499 2773 630 2837 concilio
645 2774 689 2836 sic
710 2775 844 2856 scriptor
859 2773 936 2836 vita
964 2775 1076 2836 Leonis
1100 2776 1153 2849 IV,
1180 2774 1211 2876 in

145 2881 239 2945 Libro
253 2880 432 2962 pontificati.

180 3027 212 3080 ln
231 3024 286 3079 hec
309 3022 432 3095 denique
452 3025 517 3095 post
537 3029 632 3079 cetera
647 3023 755 3096 synodo
770 3022 935 3080 Anastasius
954 3023 1104 3096 presbyter
1118 3023 1211 3079 cardi-

146 3113 218 3168 nalis
242 3111 319 3168 tituli
337 3112 415 3168 beati
432 3112 555 3169 Marcelli
570 3113 607 3169 ab
621 3113 754 3169 omnibus
768 3113 906 3169 canonice
928 3115 970 3168 est
996 3111 1153 3185 depositus,
1177 3130 1211 3169 eo

147 3202 224 3274 quod
235 3201 403 3273 parochiam
413 3218 496 3257 suam
508 3218 560 3273 per
570 3203 797 3274 annosquinque
810 3206 910 3258 contra
923 3219 1069 3258 canonum
1082 3201 1212 3258 instituta

147 3291 283 3358 descruit,
297 3293 326 3345 et
340 3290 371 3345 in
390 3291 485 3346 aliena
499 3307 588 3363 usque
609 3291 695 3347 hodie
719 3291 894 3348 demoratur.
912 3291 1047 3357 Quicum
1061 3307 1157 3364 neque
1175 3291 1211 3347 ad

148 3379 203 3436 duo
216 3395 269 3452 pro
282 3395 317 3436 eo
331 3367 510 3450 congregata
524 3379 644 3436 concilia
657 3379 754 3436 venire
766 3381 860 3449 vellet,
869 3397 963 3453 neque
978 3397 1029 3453 per
1041 3381 1211 3453 apostolicas

147 3470 293 3541 epistolas,
308 3485 401 3541 neque
426 3470 550 3540 perires
577 3471 693 3525 vocatus
714 3469 871 3542 episcopos,
895 3469 1046 3525 Nicolaum
1069 3469 1210 3537 videlicet,

147 3556 359 3624 petronacium,
372 3559 401 3611 et
413 3556 584 3624 iohannem,
599 3555 665 3612 ideo
685 3556 788 3612 merito
803 3574 859 3613 uno
885 3573 1036 3625 consensu,
1053 3557 1210 3613 secundum

148 3646 226 3719 quod
245 3645 281 3701 de
295 3645 400 3701 talibus
420 3645 506 3700 sacris
521 3645 685 3701 continetur
699 3645 864 3713 canonibus,
881 3663 948 3702 eum
968 3645 1211 3719 sanctasynodus

148 3735 289 3808 deposuit,
305 3737 334 3790 et
353 3734 523 3790 sacerdotali
537 3735 648 3790 honore
661 3734 781 3807 privarit
795 3752 883 3803 anno,
898 3751 1007 3805 mense,
1019 3735 1067 3792 die
1081 3741 1109 3792 et
1120 3735 1212 3832 indic-

149 3825 226 3881 tione
241 3822 369 3896 superius
385 3821 550 3880 adnotata&

189 3986 233 4046 Ex
244 4002 354 4050 eorum
365 3985 669 4066 autemuumeroqur
679 3985 778 4047 rnhcc
789 3983 1210 4063 conorhogeueralrltomano

149 4055 362 4154 Anastasianas
378 4091 568 4154 damnationi
594 4091 817 4172 subscripsere,
833 4091 895 4152 duo
918 4089 1113 4152 memorandi
1126 4093 1211 4168 sunt,

181 4279 205 4328 l.
223 4279 299 4341 reuz,
316 4279 334 4340 l,
351 4277 406 4326 478.

180 4359 206 4408 2.
223 4357 330 4420 Vignoli,
343 4363 363 4407 l.
377 4357 421 4420 lll,
435 4373 459 4422 p.
476 4358 587 4407 l28-l29.
