2960 5052
301 443 555 496 ANASTASlle
577 445 726 496 lNGENll
750 445 865 497 cultra
886 445 1077 497 ructabat
1192 449 1222 498 85

159 602 304 679 propter,
337 613 414 660 cum
447 589 643 660 Benedictus
680 591 741 678 Ill,
779 591 901 660 mensis
937 592 1132 680 septembris
1171 593 1224 662 die

161 707 431 794 undetricesima,
452 709 666 796 episcopalem
684 707 962 778 consecrationem
978 709 1113 796 accepit,
1134 707 1225 777 Rha-

159 823 309 909 doaldus,
338 822 432 910 cnjus
460 832 531 890 erat
556 823 711 906 olficium,
749 833 785 890 ut
823 824 993 912 episcopus
1021 823 1224 912 Portuensis,

159 959 308 1005 summos
333 938 514 1026 pontilioes,
542 959 618 1006 cnm
640 937 797 1025 episcopis
824 936 965 1006 Ostiensi
985 939 1225 1027 etdlbanensi,

158 1052 325 1138 ordinare,
341 1051 382 1119 ab
398 1073 435 1120 eo
447 1072 584 1119 munere
593 1051 669 1140 jure
682 1051 863 1140 meritoque
877 1053 1025 1120 exclusus
1034 1061 1089 1120 cst
1098 1052 1122 1121 ¹.

205 1167 249 1234 V.
266 1167 341 1234 dam
355 1187 429 1234 vero
442 1178 512 1252 post
523 1176 570 1233 tot
581 1175 735 1254 tantaque
745 1167 931 1254 commissa,
944 1166 1077 1252 justitiae
1088 1189 1228 1236 consen-

158 1293 296 1352 taneum
313 1283 484 1351 videbatur
499 1292 534 1350 ut
549 1283 724 1350 severiores
743 1283 783 1352 de
806 1283 980 1351 Anastasio
1004 1282 1141 1371 ejusque
1155 1283 1228 1353 lau-

158 1399 287 1466 toribus
310 1419 414 1486 prenae
437 1406 658 1485 sumerentur,
682 1419 719 1466 ac
744 1419 826 1466 nova
852 1398 888 1466 in
912 1418 966 1467 eos
987 1399 1228 1487 conjicerentur

158 1515 381 1581 anathemata.
403 1513 439 1580 ld
459 1533 534 1580 vero
551 1533 759 1600 nequaquam
773 1512 920 1600 contigit.
938 1513 1040 1602 Freti,
1053 1524 1091 1581 ut
1108 1513 1226 1602 proba·

158 1629 229 1696 bile
252 1637 313 1715 est,
341 1627 546 1715 imperatoris
572 1629 691 1696 auxilio
725 1638 757 1696 et
788 1629 906 1716 gratia,
934 1649 1040 1716 neque
1067 1629 1228 1699 Arsenius

160 1743 332 1830 episcopus
350 1742 531 1829 Hortensio,
545 1763 652 1831 neque
666 1744 872 1812 Rhadoaldus
895 1745 1086 1812 Portuensis
1112 1747 1228 1832 praesul

160 1878 182 1926 e
204 1857 363 1944 dignitate
385 1878 445 1925 sua
468 1856 563 1946 ejecti
586 1866 675 1926 sunt.
702 1858 756 1926 Ad
776 1858 990 1927 Anastasium
1011 1868 1122 1926 antem
1140 1858 1229 1946 qnod

162 1973 316 2061 pertinet,
347 1994 414 2040 non
444 1973 541 2040 modo
577 1971 647 2061 ejus
674 1993 769 2060 poeua
806 1994 873 2040 non
901 1971 984 2041 lacta
1012 1983 1062 2041 est
1085 1974 1226 2060 gravior,

162 2089 389 2156 verumetiam
403 2090 484 2156 latas
498 2089 534 2155 in
553 2110 630 2157 eum
646 2110 665 2157 a
679 2088 789 2157 Leone
807 2086 854 2156 IV
873 2089 1051 2158 sententias
1064 2089 1229 2175 mitigatas

162 2223 236 2270 esse
259 2205 456 2292 accepimus.
486 2204 684 2290 Quanquam
722 2204 812 2272 enim
845 2203 1041 2272 Benedictus
1071 2223 1155 2292 papa
1182 2201 1230 2271 ΙΙΙ

164 2320 393 2407 presbyterum
409 2318 519 2387 Sancti
534 2319 675 2389 Marcelli
691 2319 726 2386 in
741 2317 892 2388 ordinem
906 2319 1110 2388 sacerdotum
1125 2318 1230 2386 noluit

163 2434 350 2521 restituere,
372 2456 449 2503 eum
470 2444 594 2523 tamen,
610 2434 944 2503 excommunicatione
960 2455 1024 2522 qua
1049 2445 1120 2501 tum
1138 2444 1228 2504 tene-

163 2551 264 2619 batur
286 2571 323 2618 er
349 2561 440 2637 parte
463 2552 643 2638 antiquata,
668 2550 708 2618 ad
731 2550 1001 2618 communionem
1021 2549 1108 2618 inter
1132 2550 1229 2618 laicos

165 2666 387 2753 accipiendam
400 2665 436 2732 in
450 2675 617 2752 posterum
636 2663 790 2752 recepiti.

209 2780 336 2848 Nostris
350 2789 458 2850 autem
477 2781 681 2868 temporibus
700 2781 874 2849 cardinalis
890 2777 1135 2868 Hergenrbther
1148 2800 1229 2848 con-

166 2895 241 2984 jecit
257 2896 479 2982 Anastasium,
502 2895 542 2964 iis
564 2897 698 2984 patratis
723 2895 912 2984 sceleribus,
933 2896 968 2962 in
992 2894 1229 2962 monasterium

166 3008 347 3096 secessisse,
363 3010 488 3096 ibique,
504 3019 676 3097 postquam
689 3012 870 3079 monachus
884 3009 1074 3098 aliquandiu
1088 3009 1229 3096 vixisset,

167 3124 302 3191 scientia
323 3133 355 3192 et
372 3125 497 3192 meritis
522 3125 703 3194 obtinuisse
722 3136 759 3192 ut
774 3125 934 3212 dignitate
953 3125 1078 3193 abbatis
1098 3145 1231 3194 ornare·

168 3249 222 3306 tur
228 3237 252 3307 ³.
267 3239 328 3306 Cui
342 3239 488 3328 opinioni
499 3237 648 3307 assentiri
664 3242 754 3308 nullo
766 3240 862 3308 modo
875 3261 1021 3329 possum.
1033 3240 1231 3330 Quanquam

168 3354 258 3424 enim
272 3364 359 3422 certo
376 3364 502 3423 constat
518 3354 743 3443 Anastasium,
762 3355 893 3424 Nicolao
915 3356 1028 3425 saltem
1047 3378 1141 3446 papa,
1158 3378 1230 3424 mo-

169 3469 348 3539 nasterium
362 3467 397 3539 S.
414 3469 524 3540 Marito
538 3471 783 3540 administrasse
793 3470 818 3559 ⁴,
835 3492 901 3538 non
914 3471 986 3540 ideo
999 3491 1036 3540 ex
1050 3475 1111 3542 boc
1124 3472 1230 3558 colligi

200 3688 224 3734 l.
242 3682 407 3733 «Portuensis
424 3695 480 3732 voro
496 3681 621 3746 opiscopus
639 3681 772 3746 prohibitus
795 3683 826 3734 ab
847 3683 948 3734 ecclesia
964 3683 1144 3744 ordinationem,
1159 3696 1232 3746 quam

168 3763 293 3823 debuerat,
308 3777 380 3827 super
394 3777 450 3812 aum
464 3762 630 3826 (benedictum
642 3764 685 3827 lll)
696 3763 831 3814 nullatanus
841 3764 905 3826 lecit,
919 3763 983 3828 quod
997 3763 1195 3814 anathematizato
1207 3778 1233 3812 re

164 3845 287 3906 junxerat,
306 3857 334 3892 ac
352 3843 377 3892 in
396 3842 495 3906 perjurii
515 3842 655 3904 voraginem
674 3842 802 3908 ceciderat,
820 3849 893 3910 atque
907 3844 1056 3894 manabat.»
1079 3843 1137 3894 Vita
1153 3843 1231 3894 Bene-

169 3924 235 3974 dicti
247 3924 294 3986 111,
309 3937 332 3972 c.
342 3934 387 3986 xx,
398 3937 424 3986 p.
436 3923 489 3972 lat.

199 4007 224 4054 2.
248 4019 263 4052 a
286 4002 480 4054 sacerdotalibus
509 4000 641 4066 exspolians
662 4003 821 4067 vestimentis,
842 4003 903 4053 inter
919 4002 991 4054 laicos
1014 4003 1037 4052 in
1067 4003 1234 4053 communione

170 4083 270 4148 recapit.
285 4101 297 4130 a
316 4083 349 4133 V.
364 4081 479 4132 Hadriani
495 4083 519 4132 ll
533 4081 655 4134 decretam
664 4083 688 4132 iu
703 4083 828 4135 Hincmari
842 4081 990 4140 Annalibus,
1003 4097 1025 4132 a.
1038 4083 1085 4134 868
1106 4083 1198 4149 (Perta,
1212 4086 1233 4147 l,

170 4163 260 4224 illim.)
283 4191 292 4204 ·
753 4166 755 4170 '

202 4245 225 4295 3.
243 4242 432 4306 Hergeurbther,
446 4239 560 4308 Plotius,
575 4248 594 4294 t.
604 4241 634 4306 11,
645 4257 671 4307 p.
683 4245 738 4293 2³4.

202 4325 226 4372 l.
244 4323 278 4375 V.
290 4322 444 4387 Prooemium,
457 4336 482 4386 p.
501 4325 524 4372 5.
