2944 5060
502 447 694 500 arpuuolx
719 445 832 512 Paroa
1152 449 1198 500 ala

19 597 23 606 ’
128 589 340 646 Rothadusaut
354 589 478 666 propriae
497 590 665 648 redderetur
683 589 824 660 Ecclesiae,
840 591 890 646 aut
901 591 978 646 certe
993 589 1116 646 Romam
1129 605 1195 660 cum

128 678 243 734 vicariis
257 680 358 734 vestris
373 683 401 735 et
412 679 502 752 ipsius
516 679 729 735 accusatoribus
744 680 782 734 ad
794 678 1020 736 examinandum
1031 682 1060 734 et
1068 677 1200 751 judican-

131 767 204 823 dum
222 770 304 824 nobis
319 769 510 838 destinaretis,
537 772 565 824 et
579 769 651 824 nihil
673 767 749 840 apud
766 785 815 824 vos
827 769 982 842 impetrare
998 767 1200 842 potuissemus,

132 857 205 912 dum
218 858 306 914 modo
325 859 391 928 hoc,
407 859 495 914 modo
517 857 588 913 illud
607 856 644 913 ad
670 858 845 914 excusandas
864 857 1062 913 excusationes
1085 856 1115 912 in
1136 873 1200 929 pec-

132 945 204 1001 catis
230 947 401 1018 objiceretis,
423 946 543 1002 tandem
568 945 733 1018 aliquande,
763 947 822 1001 lieo
844 945 1003 1018 inspirante
1027 949 1055 1002 et
1079 945 1200 1001 Nicaenae

133 1035 217 1090 uobis
232 1034 335 1106 synodi
350 1034 465 1090 decreto
485 1033 669 1106 suffragante,
694 1051 750 1107 quo
776 1034 851 1090 inter
875 1038 970 1090 cetera
988 1033 1154 1106 praecipitur
1168 1037 1202 1088 ut

134 1123 194 1178 suis
216 1123 366 1195 privilegia
392 1126 540 1179 serventur
563 1123 694 1178 Eeclesiis
707 1123 728 1192 ¹,
748 1125 844 1178 ratum
872 1123 1007 1178 duximus
1017 1123 1080 1195 jam
1107 1122 1201 1178 fatum

135 1212 312 1284 Rothadum‚
336 1229 481 1268 memores
503 1211 611 1267 scilicet
638 1211 857 1286 privilegiorum
887 1211 1050 1284 apostolicae
1083 1210 1201 1280 scdis,a

134 1301 254 1357 vinculis
264 1302 366 1374 quihus
381 1302 475 1370 illum,
486 1318 522 1357 ne
533 1304 661 1358 uteretur
669 1301 764 1358 officio
777 1319 829 1357 nec
842 1319 900 1358 suae
911 1304 1048 1376 praeesset
1057 1301 1199 1374 Ecclesiae,

135 1391 301 1462 colligastis,
317 1391 384 1463 quia
392 1408 445 1448 nos
458 1407 516 1446 non
527 1391 698 1460 censuimus,
712 1390 930 1446 absolvendum.
940 1391 1039 1464 Neque
1050 1389 1128 1446 enim
1139 1392 1201 1445 tam

135 1479 255 1535 stolidus
278 1483 375 1536 tamve
403 1481 510 1552 poterit
537 1479 703 1536 traditionis
723 1479 840 1536 tramite
867 1479 965 1535 devius
993 1479 1130 1552 inveniri,
1153 1481 1203 1552 qui

136 1569 239 1624 celeris
253 1568 384 1624 Ecclesiis
401 1568 554 1641 privilegia
571 1568 678 1626 servari
697 1572 727 1624 et
738 1568 792 1625 soli
810 1570 949 1625 Romanae
964 1568 1097 1624 Ecclesiae
1112 1566 1203 1624 adimi

133 1657 238 1712 debere
252 1658 413 1729 perhibeat,
433 1675 498 1731 qua
521 1659 652 1714 omnium
672 1657 863 1714 Ecclesiarum
882 1657 1033 1730 magistra,
1056 1660 1150 1714 mater
1172 1659 1203 1712 et

135 1749 220 1818 caput
234 1749 287 1816 est,
299 1751 353 1805 etc.

259 1900 420 1961 limandum
440 1902 600 1961 Romanam
621 1917 662 1960 AD
685 1901 890 1960 Auasrasmm
910 1916 1074 1961 ualerone.

176 2045 265 2104 Hanc
288 2041 451 2122 epistolam
477 2041 596 2122 primus
623 2042 722 2104 edidit
744 2043 812 2106 lac.
837 2039 1006 2104 Sirmond²
1030 2059 1068 2108 11
1093 2039 1201 2102 codiee

137 2167 195 2210 ms.
220 2146 294 2209 noni
318 2148 435 2223 saeculi,
466 2149 518 2228 qui
540 2150 641 2210 exstat
664 2148 768 2210 adhuc
791 2148 823 2208 in
852 2147 1044 2210 bibliotheca
1068 2145 1203 2210 civitatis

136 2253 383 2333 Laudunensisi,
404 2272 560 2334 quemque
581 2257 619 2316 D.
641 2255 779 2334 Mathey‚
799 2253 1016 2316 laudunensis
1035 2252 1204 2314 bibliothe-

138 2361 251 2440 carius,
273 2361 351 2422 mihi
372 2380 493 2423 morem
510 2360 661 2440 singulari
673 2361 776 2423 studio
794 2379 830 2422 ac
842 2340 1062 2423 benevolentia
1075 2377 1200 2438 gerens,

136 2487 244 2530 rursus
262 2468 431 2548 legendum
450 2468 581 2531 curavit.
598 2468 697 2540 Quam
712 2467 807 2529 etiam
826 2467 991 2546 epistolam
1007 2466 1203 2529 Flcdoardus

136 2577 181 2638 sic
203 2573 385 2638 summatim
410 2573 595 2654 descripsit:
616 2576 720 2636 altem
744 2592 801 2656 pro
825 2573 986 2636 benefieiis
1014 2571 1073 2634 sibi
1098 2571 1139 2633 ab
1165 2591 1202 2635 eo

133 2682 325 2762 (nastasia)
348 2682 481 2756 collatis,
504 2684 537 2746 et
555 2683 592 2745 ut
610 2682 844 2762 suggestionem
864 2699 955 2742 suam
972 2681 1089 2745 domno
1111 2697 1203 2760 papae

136 2790 363 2871 acceptabilem
381 2789 490 2866 iaciat,
505 2792 536 2852 et
559 2789 598 2851 de
619 2789 771 2851 memoria
790 2786 1018 2850 benedictionis
1040 2789 1072 2862 (i.
1089 2805 1117 2847 c.
1134 2805 1203 2848 mu·

135 2899 262 2975 nerum)
277 2914 372 2977 quam
389 2896 546 2976 dirigebat
561 2894 621 2958 ei⁴.
633 2918 647 2954 1

172 3029 341 3088 llincmarus
355 3029 532 3094 Rhemorum
547 3027 706 3102 episcopus,
722 3026 902 3083 sanctissimo
920 3028 948 3082 et
962 3025 1103 3085 fidissimo
1118 3023 1205 3085 fratri

136 3118 287 3178 Anastasio
302 3118 435 3190 religioso
446 3118 542 3176 abbati
553 3117 711 3190 plurimam
725 3117 755 3174 in
770 3117 920 3174 Salvatore
936 3117 1070 3176 salutem.

173 3207 266 3265 llultis
285 3207 500 3268 infirmitatibus
524 3209 553 3272 et
577 3206 769 3263 anxietatibus
789 3223 901 3279 pressus
927 3221 1019 3278 pauca
1043 3203 1137 3278 scribo
1157 3201 1204 3260 cui

138 3369 140 3372 ’
169 3363 192 3409 1.
207 3361 278 3408 Nunc
291 3358 320 3408 ad
334 3373 417 3408 rerum
429 3358 520 3408 Nicaei
533 3356 627 3408 concilii
645 3371 759 3407 canimem
773 3357 886 3422 quintum
901 3356 1048 3422 appellatur.

167 3441 191 3487 2.
204 3439 236 3487 V.
252 3437 383 3488 Hiacmuri
398 3453 484 3504 opero,
498 3443 518 3488 t.
531 3439 564 3501 ll,
577 3452 603 3502 p.
618 3437 673 3500 821,
686 3437 815 3501 etMigue,
832 3444 851 3488 t.
867 3439 979 3502 cxxvi,
994 3452 1033 3502 ep.
1050 3437 1089 3495 38,
1108 3450 1135 3500 p.
1147 3435 1203 3485 257.

166 3520 191 3568 3.
209 3519 260 3568 Sub
277 3520 413 3568 1111117.
428 3520 460 3569 V.
474 3518 617 3582 curatoque
630 3517 736 3581 penerel
746 3517 790 3568 des
803 3533 880 3568 macr.
895 3519 939 3568 des
956 3515 1142 3581 bibliothequee
1159 3515 1206 3564 dcc

135 3597 335 3663 departementa
356 3603 375 3650 t.
397 3599 417 3660 l,
440 3613 465 3662 p.
480 3601 536 3662 210,
550 3605 579 3647 1ο
597 3600 636 3660 35,
650 3597 692 3646 ubi
707 3596 830 3648 llincmari
851 3596 953 3663 epistola
967 3597 1003 3647 sic
1016 3595 1076 3646 falso
1091 3594 1206 3659 iuscripta

134 3684 193 3728 esta
211 3677 361 3728 «Hincmari
376 3676 476 3742 epistola
491 3677 632 3728 clericorum
644 3677 675 3726 ad
688 3677 803 3727 abbatem
822 3679 988 3729 Anastasium.
1004 3696 1016 3726 1
1032 3677 1091 3736 Quae
1106 3673 1205 3739 quidem

134 3756 258 3820 inscriptio
281 3757 307 3805 in
328 3756 410 3807 codice
433 3771 480 3806 non
504 3757 633 3821 reperitur,
654 3756 696 3806 sed
708 3757 759 3806 bec
779 3763 875 3807 tantum
897 3759 1058 3822 eademquea
1074 3753 1206 3804 recentiore

135 3836 215 3886 saculi
230 3836 308 3887 xvllt
319 3836 432 3902 scriptore
445 3837 469 3886 in
480 3837 591 3900 margine
601 3836 682 3886 addita
697 3851 704 3884 ε
721 3837 849 3902 «Epistola
860 3836 986 3887 llincmari
1000 3836 1089 3900 scripta
1099 3839 1124 3884 11
1138 3847 1205 3883 oom-

135 3917 210 3966 missa
222 3917 348 3966 Anastasio
361 3923 448 3967 sancta
459 3917 522 3967 sedis
535 3917 673 3982 apostolica
684 3916 867 3967 bibliothecario
877 3932 949 3982 super
958 3917 997 3968 bis
1011 3931 1064 3982 quae
1075 3915 1106 3964 de
1115 3911 1206 3964 Ebonis

137 4003 162 4047 et
175 3995 286 4048 Wuliadi
300 3996 495 4062 collegarumque
507 3998 559 4060 ejus
572 3996 724 4046 restitutione
734 3996 799 4046 dictu
812 4002 898 4048 sunt.»

169 4077 192 4126 l.
210 4075 641 4140 111111111111111.11111.111111.,1.
657 4077 699 4138 lll,
719 4090 740 4124 c.
761 4087 830 4128 xxur
848 4079 937 4144 (Pertz,
949 4078 1021 4128 Mon.
1039 4076 1135 4138 Germ,
1146 4073 1204 4138 SS„

138 4163 157 4206 1.
169 4156 236 4218 Xlll,
248 4170 273 4220 p.
289 4158 354 4218 536.)
366 4157 435 4206 Hanc
448 4172 502 4207 esse
511 4157 609 4207 brevem
619 4154 807 4222 complexionem
817 4157 888 4220 hujus
900 4157 1007 4222 epistolae
1018 4170 1040 4206 a.
1054 4156 1098 4206 861
1111 4154 1206 4219 scripta

139 4237 172 4286 H.
187 4235 287 4287 Schrors
308 4250 355 4285 non
375 4236 445 4301 uidit,
465 4244 538 4304 atque
560 4235 631 4287 aliam
652 4234 808 4301 excogitavit,
826 4252 896 4306 quam
912 4238 1056 4308 Hincmarus
1072 4234 1207 4302 scripsisset

140 4332 173 4367 m.
189 4317 258 4381 Sept.
271 4330 293 4366 a.
309 4317 364 4366 811.
379 4317 412 4370 V.
429 4318 539 4383 Schrors,
554 4317 688 4380 dietmar,
701 4316 849 4383 Registrum,
863 4333 888 4390 p.
901 4321 996 4384 1111.
1009 4319 1065 4369 316.
