2984 5062
784 1163 833 1234 Vl

368 1438 551 1502 russanen,
582 1437 753 1485 saumana
781 1436 868 1484 napa
895 1437 932 1500 11,
962 1436 1118 1486 nonanus
1144 1437 1247 1486 vania

275 1675 297 1724 1.
313 1674 392 1734 Quam
405 1671 436 1722 ob
449 1685 546 1722 causam
562 1670 710 1734 Anastasius,
725 1670 801 1720 eleeto
815 1669 936 1721 Hadriano
949 1683 1013 1735 papa
1026 1670 1058 1732 ll,
1078 1684 1126 1719 non
1142 1669 1221 1720 solum
1239 1670 1343 1735 pristina

306 1768 406 1804 munera
415 1766 463 1801 non
474 1751 589 1809 amiserit,
604 1751 647 1801 sed
655 1751 728 1800 etiam
742 1750 773 1800 ad
787 1750 903 1814 ampliora
913 1750 945 1799 sit
958 1757 1094 1815 provectus.
1105 1752 1178 1801 -11.
1192 1751 1308 1802 Hadriani
1318 1753 1341 1803 ll

306 1833 341 1882 sic
363 1837 460 1882 ornatus
482 1830 613 1892 beneficiis,
633 1829 696 1895 quod
718 1835 798 1880 tamen
819 1828 953 1894 periculum
973 1829 1030 1880 huic
1055 1844 1123 1895 pape
1147 1831 1296 1882 conflaverit.
1309 1858 1342 1869 -

305 1914 348 1964 111.
375 1910 484 1964 Concidit
503 1909 601 1961 budam
621 1911 739 1960 Anastasii
755 1909 858 1973 fortuna,
882 1910 925 1959 sad
945 1909 1012 1960 brevi
1033 1915 1140 1975 tempore
1159 1917 1293 1977 reparatur.
1309 1938 1341 1950 -

307 1994 350 2044 lV.
366 1995 393 2043 ln
412 1992 516 2055 gratiam
535 2006 563 2041 ac
583 1991 688 2041 laveram
709 1990 844 2041 illudowici
864 1991 884 2040 ll
890 2027 899 2054 ,
918 1990 970 2041 loco
988 1991 1082 2041 Arsenii
1099 1989 1184 2055 patris,
1200 1991 1343 2041 Anastasius

307 2073 426 2137 succedit,
447 2087 475 2122 ac
496 2072 602 2136 primum
622 2070 717 2133 legatus
743 2070 893 2135 imperatoris
916 2070 1147 2135 Constantinopolim
1171 2071 1287 2127 mittitur.
1309 2099 1342 2109 —

307 2155 339 2204 V.
356 2156 456 2205 Romam
475 2166 613 2215 regressus,
632 2158 709 2202 totam
730 2151 872 2201 iudustriam
894 2156 967 2216 atque
988 2151 1168 2217 improbitatem
1185 2151 1209 2201 in
1227 2151 1341 2203 1111111111

306 2233 409 2285 Calvum
422 2247 465 2300 pru
481 2231 619 2283 illudowico
632 2233 776 2298 imperatore
790 2231 925 2297 convertit..

319 2428 346 2498 Ι.
372 2427 565 2498 Anastasius
590 2428 700 2498 Adoni
721 2427 904 2498 Viennensi
929 2425 1077 2516 episcopo
1105 2425 1151 2495 sic
1175 2426 1341 2496 scribebat

274 2545 402 2614 circiter
419 2553 601 2614 extremum
627 2565 753 2613 annum
780 2543 871 2612 867:
904 2567 921 2610 a
947 2542 1052 2611 Triste
1077 2540 1138 2611 tibi
1167 2543 1339 2632 nuntium,

273 2663 355 2751 proh
370 2661 480 2731 dolori
494 2661 638 2729 nimium
652 2659 753 2728 tristis
774 2668 806 2728 et
826 2678 961 2747 gemens
975 2657 1172 2727 transmitto.
1192 2657 1341 2728 Venera-

273 2778 348 2847 bilis
369 2777 489 2866 qnippe
513 2775 744 2846 recordatiouis
764 2784 856 2866 pater
879 2784 911 2843 et
933 2794 1016 2864 papa
1039 2784 1150 2842 noster
1171 2773 1338 2861 Nicotaus,

273 2895 314 2963 ab
329 2897 388 2963 hac
403 2895 524 2973 misera
538 2893 602 2961 vita
619 2891 728 2960 idibus
742 2890 937 2960 Novembris
956 2891 996 2958 ad
1017 2891 1176 2959 calestem
1194 2888 1340 2960 beatitu-

274 3009 398 3093 dinem,
414 3019 453 3078 ut
466 3008 643 3096 credimus,
656 3008 787 3086 ductus,
805 3028 864 3076 nos
878 3007 1015 3076 miseros
1028 3015 1060 3074 et
1074 3005 1165 3076 valde
1180 3005 1340 3076 desolatos

275 3125 440 3212 reliquit¹.
457 3147 474 3189 u

318 3241 382 3323 Qui
402 3241 493 3308 dolor
510 3261 547 3308 er
566 3239 690 3308 Nicolai
714 3247 819 3306 morte
842 3247 955 3326 captus
976 3258 1042 3306 non
1064 3237 1109 3305 ita
1125 3237 1338 3306 Anastasium

269 3365 486 3446 oppresserat,
499 3356 556 3445 qui
569 3358 658 3425 luctu
668 3365 699 3424 et
714 3353 856 3424 lacrimis
871 3353 969 3422 asuis
982 3352 1179 3422 utilitatibus
1194 3374 1337 3422 commo·

273 3475 388 3562 disque
406 3482 616 3542 averteretur.
640 3471 737 3558 Nam,
753 3468 906 3538 defuncto
927 3468 1091 3557 pontifice,
1110 3468 1335 3538 maestissimus

273 3589 326 3659 illa
346 3589 428 3657 nihil
447 3588 615 3676 antiquius
631 3588 791 3655 habuerat
813 3606 912 3674 quam
934 3595 972 3654 ut
991 3585 1227 3673 patriarchium
1245 3585 1337 3652 inva-

273 3706 382 3795 deret,
400 3714 496 3794 atqua
517 3726 597 3773 usus
615 3703 855 3792 opportunitate
870 3701 1013 3770 vacantis
1035 3699 1121 3769 sedis
1142 3701 1334 3788 apostolica,

273 3825 400 3891 chartas
415 3831 447 3890 et
460 3828 674 3888 monumenta
695 3817 757 3886 sibi
781 3817 874 3886 utilia
898 3817 939 3885 ab
961 3815 1099 3885 archivis
1125 3811 1335 3904 surriperet²,

305 4022 328 4067 l.
345 4017 376 4068 V.
394 4015 513 4067 Anastasii
526 4012 669 4082 prtoluap
680 4013 717 4064 ad
729 4013 854 4077 Adonem,
864 4026 939 4078 qnam
947 4025 993 4075 ego
1007 4010 1128 4073 integram
1142 4009 1166 4060 11
1174 4008 1311 4076 appendice
1328 4009 1337 4060 Ι

273 4094 378 4226 edicibv.
398 4175 513 4226 Hadriani
531 4176 551 4226 ll
574 4177 706 4226 Decretum
717 4174 770 4238 jam
783 4187 855 4238 supra
869 4171 968 4222 citatum
983 4171 1017 4236 (p.
1037 4172 1090 4231 128)
1106 4175 1179 4235 atque
1196 4171 1222 4220 in
1238 4172 1338 4236 Appen-

272 4253 326 4304 dica
346 4255 356 4305 1
376 4269 404 4304 cx
420 4262 470 4305 toto
486 4255 586 4308 editum.
607 4257 658 4306 lloc
677 4261 758 4305 autem
777 4253 877 4313 lurtum,
903 4257 996 4302 mortuo
1017 4250 1115 4317 quidem
1132 4249 1233 4300 Nicnleo
1255 4252 1273 4315 l,
1294 4249 1340 4302 sed

273 4335 379 4384 noudum
397 4333 473 4385 electo
497 4334 617 4386 Hadriano
633 4337 668 4399 ll,
688 4336 777 4385 lactum
801 4333 882 4394 luisse,
906 4345 935 4381 ex
950 4330 1041 4382 duobus
1058 4329 1153 4393 colliga.
1177 4331 1287 4382 Primum
1314 4331 1341 4382 in
