3006 5050
443 485 487 536 nn
510 484 730 536 conposuit
755 485 801 536 EF
824 484 1010 537 nlcravtr
1212 487 1257 538 tta

193 639 261 699 arte
281 637 436 719 mutatas,
459 639 557 717 atque
575 648 706 716 quoquc
732 627 845 698 tacitas
872 648 891 696 a
919 625 1007 698 falsis
1041 628 1257 700 decretalibus

192 745 426 814 mutuationes,
443 744 521 833 Sed,
538 764 581 815 ne
595 764 666 815 rem
686 753 788 814 totam
807 765 896 814 nunc
915 743 1144 814 exhauriamus
1157 766 1258 834 quam

191 860 263 931 inse
277 868 454 930 tractamus
467 869 590 948 postea,
605 860 640 929 id
653 868 784 930 tantum
802 860 962 942 dicamus,
980 862 1257 950 quemadmodum

192 977 386 1046 Anastasius
396 976 433 1044 in
446 974 573 1046 Grecos
585 975 721 1044 detorsit
734 975 909 1045 concilium
924 974 1197 1063 chalcedonense,
1211 977 1258 1046 sic

194 1092 385 1181 scriptorem
402 1091 541 1160 aliarum
559 1091 769 1179 epistolarum
788 1091 941 1160 adversus
955 1090 1098 1160 Francos
1118 1092 1257 1160 abusum

194 1227 265 1278 esse
283 1206 420 1276 concilio
439 1205 624 1276 Sardlcensi
636 1207 667 1295 ¹;
686 1206 783 1276 falsas
800 1227 876 1276 vero
889 1205 1066 1276 decretales
1078 1215 1146 1275 tam
1159 1207 1258 1276 simili

195 1322 325 1390 solertia
339 1321 376 1389 in
391 1330 528 1410 utraque
541 1330 631 1410 parte
649 1341 719 1391 esse
732 1331 919 1410 usurpatas,
929 1331 972 1390 ut
984 1343 1057 1410 quae
1076 1323 1200 1391 occulte
1218 1323 1259 1392 do

196 1437 486 1506 Pseudo-Damaso
513 1444 642 1527 arrepta
675 1446 765 1524 sunt,
800 1438 868 1506 hacc
893 1457 931 1505 ex
960 1438 1129 1524 utriusque
1157 1438 1259 1527 partis

195 1554 314 1623 litteris
328 1553 480 1622 inunum
500 1551 646 1621 tabulam
658 1551 805 1622 conferre
818 1553 981 1640 potuerim
991 1551 1016 1622 ².

244 1668 400 1758 Requiret
419 1667 539 1755 eliquia
558 1688 619 1736 cur
644 1666 680 1735 in
702 1665 858 1735 omnibns
880 1667 1022 1757 epistolis
1043 1667 1164 1757 stylum
1183 1689 1261 1737 cum

200 1783 283 1872 stylo
294 1803 362 1851 non
370 1781 598 1872 conleram3at
610 1802 686 1851 cum
694 1782 737 1850 sit
748 1783 822 1852 talis
830 1783 958 1850 collatio
969 1793 1002 1852 et
1011 1785 1121 1852 multae
1133 1783 1263 1852 dubita·

200 1899 299 1968 tionis
310 1908 343 1967 et
354 1896 509 1986 longioris
518 1895 648 1986 morae³,
662 1918 737 1966 oum
750 1896 891 1967 maxime
902 1919 954 1966 res
969 1907 1090 1985 nostra,
1102 1908 1263 1986 quantum

201 2015 237 2081 in
257 2033 400 2102 presens
423 2031 553 2082 necesse
577 2022 638 2100 est,
663 2013 794 2082 aliunde
820 2014 954 2101 proheta
978 2013 1138 2100 videatur,
1163 2015 1263 2082 finem

201 2128 404 2217 disputandi,
419 2129 447 2197 si
465 2129 581 2218 placet,
597 2127 767 2213 iaciamus,
783 2139 815 2197 et
828 2129 874 2197 sic
888 2128 1020 2198 tandem
1033 2130 1265 2198 concludamus

203 2245 586 2332 omnesmajorissaltcm
596 2245 755 2313 momenti
767 2245 986 2333 litterasque
995 2243 1119 2313 Nicolai
1131 2244 1265 2313 nomine

203 2370 236 2429 et
248 2361 437 2429 auctoritate
453 2362 581 2448 scriptae
598 2369 689 2450 sunt,
705 2381 776 2429 esse
789 2361 963 2430 Anastasio
975 2361 1185 2450 tribuendas3
1201 2360 1266 2428 nisi

204 2475 286 2544 forle
313 2475 354 2545 de
367 2494 434 2544 una
455 2476 594 2546 alterave
617 2497 654 2546 er
676 2476 856 2546 certissimo
878 2476 1000 2545 indicio
1020 2486 1145 2546 constet
1164 2477 1266 2546 elium

204 2589 361 2679 ejusesse
377 2599 556 2662 auctorem.
749 2684 752 2688 ⁸

251 2705 294 2775 V.
320 2706 447 2775 Verum
464 2727 658 2777 verounum
675 2717 804 2777 tantum
827 2728 866 2778 ex
886 2708 1042 2777 omnibus
1057 2709 1176 2796 reperi,
1197 2727 1269 2795 quac

205 2821 382 2891 Anastasio
396 2822 546 2910 neganda
560 2823 719 2892 videatur.
736 2822 843 2911 Supra
858 2823 948 2893 enim
961 2821 1126 2892 vidimns⁴
1146 2841 1201 2890 eas
1218 2822 1271 2889 lit·

206 2945 294 3006 teras
309 2957 393 3025 quac,
410 2938 548 3006 ineunte
562 2959 648 3006 anno
661 2939 738 3020 865,
755 2938 795 3005 ad
811 2938 1013 3006 Francorum
1032 2957 1125 3024 reges
1143 2935 1271 3026 scriptae

203 3061 299 3140 sunt,
316 3074 382 3121 non
400 3051 549 3140 dictatas,
565 3062 602 3121 ut
614 3053 749 3142 solebat,
760 3054 895 3122 notariis
907 3052 1089 3141 apostolicis
1103 3050 1214 3121 luisse.
1227 3051 1272 3120 At

208 3188 316 3255 neque
344 3169 402 3236 has
417 3190 488 3236 esse
514 3189 533 3235 a
558 3165 713 3236 dictatore
730 3169 896 3236 ordinario
919 3145 1126 3257 compositas,
1154 3187 1193 3236 ex
1211 3169 1272 3236 hoc

208 3282 286 3351 licet
299 3284 464 3372 colligere,
489 3284 577 3371 quod
593 3284 628 3350 in
647 3284 694 3352 eis
722 3283 924 3353 Francorum
948 3303 1041 3372 reges
1059 3293 1218 3370 rogantur
1235 3293 1273 3350 ut

211 3397 367 3467 scribenti
379 3399 837 3486 nsermonlssimplicitatemu
854 3397 1073 3488 condonent⁵3
1087 3398 1186 3486 quod,
1196 3418 1273 3465 cum

245 3624 269 3672 l.
285 3622 318 3672 V.
331 3621 402 3681 intre,
417 3621 442 3671 in
454 3635 508 3687 cap.
521 3633 547 3685 V,
560 3637 586 3687 p.
598 3624 682 3674 lid-5.

243 3703 268 3752 2.
286 3703 319 3753 V.
336 3701 408 3765 inire,
425 3715 446 3752 c.
461 3713 488 3766 v,
501 3717 527 3766 p.
540 3705 620 3756 toea.

245 3785 269 3832 3.
285 3783 350 3832 Nota
368 3788 449 3831 tamen
468 3782 493 3832 in
513 3782 616 3848 epistola
632 3781 735 3848 quadam
757 3783 788 3833 ad
808 3783 919 3833 carolum
938 3781 1039 3834 Calvum
1057 3786 1145 3847 scripta
1170 3780 1276 3846 aliquem

213 3876 297 3924 meae
321 3862 410 3924 lingue
431 3863 615 3913 ostentationem
642 3864 728 3925 inesse,
752 3879 801 3928 qua
817 3863 957 3914 Anastasius
972 3867 1048 3912 semet
1069 3861 1145 3925 aperit
1166 3875 1173 3910 r
1193 3877 1207 3908 a
1224 3861 1276 3911 Nisi

215 3942 281 3992 enim
297 3957 353 4005 ros,
372 3942 460 4006 inquit,
478 3943 558 4007 quiin
577 3942 652 4004 regali
672 3943 821 3994 sublimitate
837 3944 907 4008 positi
926 3943 993 4004 ostie,
1017 3949 1129 4006 tanquam
1151 3940 1276 4004 cujusdam

216 4021 321 4084 ingentis
343 4021 438 4071 fabrica
461 4021 539 4085 bases,
562 4029 642 4072 restro
666 4023 751 4073 sudoro
782 4022 899 4072 mundum
929 4020 1104 4085 quodammodo
1131 4021 1278 4085 portassetis,

216 4116 366 4166 equaquam
380 4103 462 4152 Graeco
475 4117 584 4152 sermone
598 4105 716 4166 βασιλέων
726 4101 841 4153 vocabula
854 4101 1032 4150 sortiremini.»
1043 4100 1227 4165 Nicolainz'st.
1242 4101 1278 4150 ad

219 4181 341 4232 Coretum
358 4181 464 4231 Caluum
474 4181 578 4246 (Migne,
591 4189 610 4231 t.
625 4184 711 4245 cxlx,
724 4198 748 4248 p.
762 4185 821 4242 8613
836 4181 905 4241 datie,
917 4194 941 4230 n.
956 4182 1038 4244 27³8).

250 4263 273 4310 l.
292 4263 320 4312 P.
337 4264 391 4312 100.

249 4344 273 4391 5.
292 4341 437 4403 «Rogemus
450 4348 565 4406 praeterea
578 4349 604 4394 et
617 4358 727 4410 expresse
738 4357 780 4393 ros
791 4341 939 4405 adjuramus,
954 4346 981 4391 ut
994 4355 1047 4406 quae
1061 4341 1171 4407 superins
1187 4345 1280 4390 exarata
