2944 5060
260 431 305 480 322
355 429 360 438 '
621 432 815 484 lrruublx
841 435 956 486 PRIOR

260 573 386 644 quadam
408 575 538 630 Ecclesiae
557 580 664 631 nostrae
680 576 786 646 villula,
812 578 907 634 redire
927 580 993 634 aute
1008 576 1221 650 profectionem
1246 577 1327 632 illius

259 678 318 717 non
350 664 439 736 potui,
465 681 501 719 ne
523 663 552 719 in
585 668 679 720 totum
712 683 761 722 vos
786 668 1039 738 quantulacunque
1071 666 1328 722 benedictiuncula

259 751 391 832 visitare·
411 752 598 822 dimitterem,
632 772 684 828 pro
722 759 827 810 nostrae
861 755 1026 828 exiguitatis
1059 755 1206 810 memoria
1236 755 1326 810 mitto

256 842 334 897 vobis
355 859 407 914 per
427 860 494 900 eum
516 861 650 902 crusnam
668 846 705 902 de
727 847 850 918 pellibus
864 845 961 916 variis,
976 861 1045 901 cum
1062 861 1158 917 panno
1175 845 1328 902 coloribus

257 931 335 986 vario
356 932 462 1004 quat..

642 1061 685 1122 IN
716 1061 863 1125 CAPUT
878 1049 934 1124 ¹Vl

256 1191 424 1264 ANAsrAm
436 1212 478 1256 AD
492 1196 627 1256 ADONEM
641 1213 913 1257 ARGHIEPISCOPUM
930 1196 1142 1260 Vlnttnunsnm
1159 1215 1323 1258 nrlsronA.

293 1357 381 1416 Hanc
395 1353 557 1434 epistolam
573 1354 670 1417 edidit
685 1355 742 1415 Ph.
755 1354 860 1416 Labbe
876 1329 908 1415 in
924 1357 1010 1417 tomo
1026 1355 1094 1416 Vlll
1109 1355 1324 1419 conciliorum

255 1461 374 1538 (coleti,
395 1463 421 1522 t.
437 1462 487 1537 lx,
503 1479 535 1540 p.
553 1464 647 1536 1587;
672 1461 788 1540 Migne‚
805 1464 827 1524 t.
845 1461 974 1539 dxxix,
995 1480 1026 1541 p.
1051 1462 1134 1544 tlt),
1154 1465 1189 1524 at
1207 1481 1246 1524 ex
1260 1481 1323 1542 quo

254 1567 361 1629 codice
380 1568 618 1647 manuscripto,
643 1568 798 1630 incertum
818 1570 957 1629 estimo
976 1587 1075 1628 unum
1091 1571 1217 1632 constat
1236 1569 1267 1629 in
1284 1588 1323 1631 eo

254 1675 423 1754 exemplari
454 1674 552 1736 multa
583 1674 697 1736 menda
728 1674 907 1753 scripturae,
939 1674 1055 1736 multas
1086 1675 1184 1737 rimas
1213 1675 1320 1736 fuisse.

253 1781 391 1853 Quarum
411 1781 504 1842 etiam
521 1781 697 1842 litterarum
717 1780 802 1842 aliud
824 1780 984 1861 exemplar
1004 1780 1036 1843 in
1059 1781 1168 1844 codice
1181 1780 1322 1844 Autisio-

253 1889 379 1950 durensi
400 1887 579 1951 monasterii
602 1887 710 1950 Sancti
731 1887 864 1950 Mariani
883 1887 1044 1952 lohannes
1059 1887 1210 1952 Mabillon
1230 1888 1323 1964 vidit,

252 1996 285 2057 in
305 1997 436 2058 modum
462 1994 604 2058 formalis
630 1995 770 2074 epistolae
794 1997 889 2076 atque
917 1996 984 2057 sine
1012 1996 1138 2058 nomine
1162 1995 1323 2059 Anastasii

252 2101 490 2182 compositum2.
514 2102 618 2176 Quod,
640 2102 715 2181 quia
730 2102 853 2164 codices
874 2101 1056 2165 monasterii
1068 2103 1100 2165 S.
1116 2103 1253 2165 Mariani
1268 2101 1324 2164 ulii

252 2209 312 2270 alio
329 2209 440 2288 dilapsi
456 2211 539 2284 sunt,
556 2208 694 2288 reperire
711 2226 774 2269 non
789 2208 883 2271 valui.
900 2210 1008 2288 ltaque
1025 2208 1109 2270 edita
1123 2208 1192 2270 sine
1210 2227 1322 2271 emen-

253 2315 380 2377 datione
395 2315 500 2394 retuli,
520 2314 581 2377 hoc
604 2314 679 2376 satis
701 2313 831 2393 habens,
845 2315 871 2376 si
887 2332 957 2394 quae
971 2314 1124 2376 correctio
1140 2314 1322 2378 evidentior

250 2423 435 2502 apparebat,
452 2441 521 2482 eam
534 2422 697 2496 adnotare,
711 2421 766 2483 sed
780 2419 916 2482 maxime
932 2422 971 2484 de
986 2425 1072 2483 certo
1088 2422 1229 2501 quodam
1246 2422 1320 2485 loco

250 2529 291 2590 ad
305 2529 422 2591 Adonis
439 2528 707 2608 propinquitatem
722 2527 909 2608 pertinente,
928 2527 1119 2608 probabiles,
1134 2531 1171 2592 ut
1190 2528 1321 2610 opinor,

208 2711 210 2714 Ι
250 2635 448 2715 conjecturas
464 2653 653 2716 proponere.

270 2778 410 2835 ’Domino
424 2780 523 2833 sancto
536 2776 613 2832 Patri
631 2775 723 2832 Adoni
737 2777 901 2832 venerando
916 2775 990 2832 mihi
1009 2779 1038 2832 et
1051 2774 1134 2832 valde
1150 2775 1321 2848 diligendo³

249 2867 474 2941 archiepiscope,
490 2883 543 2940 ego
558 2865 724 2921 Anastasius
743 2868 847 2922 sanctae
860 2866 999 2922 Romanae
1013 2865 1147 2922 Ecclesiae
1158 2863 1320 2923 bibliothe-

248 2957 341 3042 carius
353 2957 511 3027 plurimam
523 2958 591 3027 opto
606 2956 739 3009 salutem.

282 3045 373 3100 Triste
395 3044 448 3099 tibi
474 3042 617 3112 nuntium,
646 3044 718 3116 proh
746 3040 841 3099 dolorl
868 3042 993 3099 nimium
1017 3042 1106 3099 tristis
1134 3046 1165 3099 et
1192 3059 1320 3116 gemens

280 3201 302 3247 l.
318 3196 405 3247 Cetera
418 3196 444 3244 in
456 3195 539 3245 codiee
553 3208 625 3244 mser.
640 3181 820 3244 desiderantur}

278 3278 303 3327 2.
321 3278 358 3327 lta
368 3275 424 3326 lob.
438 3273 571 3326 illabillon:
586 3290 600 3322 «
657 3275 759 3339 epistola
773 3274 895 3324 Anastasii
908 3273 1086 3325 bibliothecarii
1101 3273 1132 3324 ad
1154 3274 1266 3326 Adonem
1287 3275 1322 3328 ds

247 3363 324 3408 morte
337 3355 429 3407 Nicolai
440 3370 507 3420 papas
517 3374 524 3406 ι
535 3369 608 3419 quam
621 3352 815 3419 epistolamaliis
829 3355 903 3404 etiam
919 3354 1050 3405 Galliarum
1066 3354 1185 3419 episeopis
1200 3354 1320 3406 directam

246 3438 319 3489 fuisse
332 3436 438 3487 intellexi
450 3450 478 3486 ex
493 3449 540 3487 ms.
550 3434 630 3484 codice
645 3434 833 3485 Autisiodorensi
846 3433 985 3484 monasterii
1003 3433 1085 3485 Saueti
1103 3434 1219 3497 Mariani,
1231 3435 1257 3485 in
1271 3450 1323 3499 quo

247 3520 297 3569 baee
310 3515 411 3582 epistola
422 3517 456 3565 sie
470 3515 608 3564 iuscribitur
619 3530 625 3564 :
637 3515 782 3566 Venerando
794 3515 856 3564 mitti
868 3518 892 3565 et
907 3514 983 3564 valde
996 3513 1127 3578 diliqendo
1141 3513 1181 3564 itt.
1192 3515 1324 3580 archiepi-

247 3613 320 3664 scopo
333 3599 371 3648 ill.
385 3596 523 3662 plurimam
535 3595 652 3645 salutem.
668 3596 747 3645 latete
762 3594 810 3645 tibi
820 3596 947 3659 nuntiam,
961 3600 1009 3644 ete.
1024 3613 1037 3642 s
1052 3595 1127 3659 (Acta
1137 3594 1184 3644 SS.
1198 3597 1226 3646 0.
1238 3595 1268 3644 S.
1277 3596 1322 3660 B„

246 3684 265 3730 t.
284 3680 329 3741 Vl,
350 3692 374 3742 p.
393 3676 520 3740 uos-269).
542 3677 573 3725 Et
593 3674 700 3739 quidem,
725 3689 780 3724 cum
799 3675 940 3725 Anastasius
960 3675 999 3724 his
1021 3674 1079 3739 ipsis
1100 3673 1188 3724 litteris
1209 3673 1323 3727 Adonem

246 3764 355 3821 rogasset
372 3763 399 3807 ut
412 3757 442 3807 ad
458 3755 517 3807 alios
533 3753 728 3819 metropolitanos
740 3754 863 3820 episcopos
877 3752 907 3804 de
921 3752 1005 3804 eadem
1018 3769 1044 3804 re
1059 3753 1187 3817 scriberet,
1203 3754 1256 3804 bue
1269 3754 1321 3804 lor-

246 3826 315 3889 malis
334 3836 434 3903 epistola
454 3851 515 3887 novo
534 3837 633 3886 tortasse
655 3842 798 3896 argumento
818 3850 872 3886 esse
895 3840 974 3899 potest
996 3833 1060 3899 quod
1075 3833 1223 3885 Viennensis
1236 3833 1321 3884 arehi-

245 3920 370 3984 episcopus
384 3917 548 3970 Anastasiaue
561 3913 676 3966 voluntati
690 3915 805 3978 paruerit.

277 4001 302 4049 3.
317 3999 434 4049 Attendas
447 3998 477 4048 ad
491 3997 555 4046 istud
568 3994 656 4046 «valde
672 3995 823 4058 diligendos,
839 3993 903 4060 quod
912 4010 926 4044 a
936 3993 1058 4044 sacerdote
1067 3992 1098 4043 ad
1107 3993 1320 4060 arehiepiscopum

246 4079 362 4142 scriptum
379 4077 501 4141 singulare
514 4076 616 4138 videtur,
631 4090 660 4125 eo
676 4076 754 4136 magis
770 4074 834 4138 quod
848 4074 912 4124 idem
922 4074 1075 4138 Anastasius,
1092 4073 1123 4123 ad
1142 4072 1202 4124 alios
1220 4073 1318 4140 epimo-

246 4172 289 4220 pos
305 4159 450 4224 eosdemque
461 4156 533 4208 ltslos
545 4171 572 4206 ac
588 4156 635 4206 sibi
648 4156 709 4205 bene
720 4161 789 4205 notos
805 4154 922 4218 scribens,
930 4155 974 4204 hos
987 4160 1081 4204 tantum
1094 4152 1217 4219 appellare
1228 4155 1320 4204 solent

246 4239 402 4300 venerandos,
418 4243 460 4288 aut
470 4237 642 4299 sanctissimos,
659 4240 702 4285 aut
713 4234 874 4298 beatissimos,
885 4242 926 4285 aut
936 4237 1047 4298 egregios
1060 4240 1135 4298 etque
1146 4233 1318 4288 celeberrimos

251 4319 284 4381 (a.
299 4317 392 4381 iligna,
410 4324 427 4367 t.
447 4318 555 4380 cxxix,
570 4332 594 4379 p.
609 4317 665 4378 586,
680 4317 735 4378 ⁸129,
750 4316 816 4376 lla).
