2944 5060
257 383 303 432 312
622 379 816 432 Aaronom
840 379 955 430 PRIOR

258 526 335 600 quod
347 525 480 598 egregius
495 524 666 598 praedicator
679 524 714 580 de
728 541 761 580 eo
776 525 915 596 loquens:
938 525 1023 592 Totis,
1040 524 1144 597 inquit,
1162 524 1275 580 decebat
1288 529 1323 580 ut

256 617 333 673 nobis
346 620 413 672 esset
424 617 563 686 partirem
579 615 721 670 subiturus
734 617 835 670 tamen
853 614 890 670 ad
904 615 988 670 caelos
1001 615 1077 670 hanc
1090 614 1227 686 apostolis
1241 603 1323 669 co'm-

255 707 416 773 mendavit,
446 723 478 760 ac
501 722 552 777 per
574 721 623 760 eos
645 708 784 777 tanquam
810 703 992 760 haereditario
1018 705 1083 776 jura
1107 704 1322 759 successorihus

256 812 366 862 eorum,
383 795 466 850 nohis
480 793 588 850 scilicet
605 811 676 867 quos
690 796 829 866 pastoreS,
849 793 997 866 episcopos
1012 810 1045 849 ac
1063 793 1215 865 pontifices
1232 811 1325 866 super

255 885 347 956 ipsam
357 883 511 952 constituit,
524 883 584 954 ejus
593 883 782 954 providentia
796 900 896 938 curam
911 883 1039 954 indulsit,
1053 885 1195 956 quatenus
1208 899 1262 956 pro
1273 901 1326 956 pa·

254 973 345 1029 trihus
360 973 419 1028 nati
434 973 495 1041 filii,
510 977 538 1028 et
555 990 608 1044 pro
628 972 669 1028 eis
688 971 834 1029 constituti
855 972 998 1044 principes
1017 973 1047 1027 in
1069 989 1190 1028 omnem
1211 975 1324 1028 terram

254 1061 414 1116 imitatores
435 1077 536 1116 eorum
555 1077 691 1128 essemus,
713 1061 785 1116 sicut
803 1065 832 1116 at
847 1061 935 1133 ipsius
954 1051 1065 1117 Christi.
1082 1062 1189 1116 Verum
1204 1065 1233 1116 et
1247 1064 1325 1117 inter

255 1147 423 1206 beatissimos
438 1151 581 1222 apostolos,
596 1151 669 1204 sicut
687 1152 715 1204 et
726 1149 773 1205 ille
787 1166 910 1220 magnus
924 1149 981 1205 Leo
996 1149 1094 1205 scribit
1104 1150 1124 1218 ¹,
1139 1153 1169 1206 in
1183 1152 1323 1206 similitu-

255 1239 318 1294 dine
337 1240 448 1295 honoris
468 1241 524 1307 fuit
547 1239 670 1308 quadum
692 1239 818 1295 discretio
838 1242 991 1310 potestatis,
1011 1243 1037 1294 et
1056 1255 1114 1293 cam
1133 1243 1254 1295 omnium
1268 1257 1324 1311 pur

255 1333 321 1384 esset
342 1327 462 1396 electi02,
484 1331 533 1382 arri
553 1331 645 1383 tomen
663 1329 757 1382 dotum
777 1332 816 1384 cst
835 1332 867 1382 ut
881 1330 976 1383 ceteris
987 1331 1185 1398 praemineret.
1207 1333 1245 1384 lle
1264 1347 1321 1400 qna

254 1420 344 1487 sonno
356 1419 539 1486 episcopcrum
552 1433 657 1488 quoque
671 1421 709 1472 est
723 1422 784 1472 orto
803 1418 955 1483 distinctio,
972 1422 997 1473 ct
1009 1434 1109 1487 mcccc
1122 1417 1323 1488 disposilione³

254 1509 393 1576 prouisum
408 1509 448 1561 est
464 1521 497 1560 ne
514 1521 603 1562 ornnes
622 1507 676 1562 sibi
693 1510 785 1561 omnia
797 1507 975 1574 uindicarent,
992 1507 1141 1562 sedassent
1157 1509 1185 1561 in
1200 1509 1322 1577 sinuatis

255 1596 405 1665 prouinciis
420 1597 534 1665 strepuit,
552 1613 667 1666 quoram
681 1599 753 1650 inter
770 1598 872 1665 fratres
891 1597 1035 1651 haberetur
1052 1599 1143 1665 primo
1162 1599 1322 1652 sententio:

256 1689 281 1741 et
294 1701 391 1740 rursus
403 1685 516 1754 quidum
529 1687 558 1739 ic
571 1685 723 1756 majoribus
735 1685 848 1740 crotous
867 1688 1016 1752 constituti,
1033 1686 1247 1741 sollicitudinem
1262 1689 1323 1757 ejus

257 1776 422 1844 susciperent
436 1775 595 1844 ampliorem
607 1790 656 1844 per
670 1790 737 1844 quos
752 1775 788 1829 cd
800 1791 882 1829 irrora
895 1776 970 1830 Petri
983 1775 1071 1830 sedem
1088 1777 1254 1832 universalis
1271 1777 1321 1830 lic-

256 1853 343 1918 clesiae
356 1879 421 1918 ecre
433 1865 586 1932 coniceret,
602 1866 627 1917 et
639 1864 710 1918 nihil
725 1879 848 1933 unquam
861 1879 878 1918 a
890 1878 939 1918 suo
953 1865 1040 1934 capite
1058 1864 1216 1919 dissideret.
1237 1864 1321 1929 Quod

256 1952 310 2006 nisi
332 1953 448 2025 quidam
477 1969 512 2006 ex
535 1951 613 2007 vohis
636 1952 713 2007 nullo
738 1952 867 2007 interiori
890 1952 1178 2024 comprehendissent
1205 1954 1321 2016 obtutu,

256 2059 405 2113 nunquam
425 2040 589 2096 Rothadum
610 2040 775 2112 episcopum
797 2041 985 2096 suessionicae
1005 2041 1084 2096 urhis
1098 2041 1158 2097 sine
1177 2059 1320 2098 consensu

256 2134 354 2186 nostro
370 2130 577 2202 deposuissent,
592 2129 839 2201 depraedarcntur,
851 2133 880 2186 ei
891 2130 920 2185 in
934 2129 1065 2185 exsilium
1074 2132 1192 2203 pulsum
1207 2149 1324 2188 monas-

258 2219 353 2277 teriali
366 2219 502 2275 custodia
517 2220 726 2291 manciparent.

293 2313 364 2367 Nam
382 2313 527 2384 quomodo
547 2330 605 2368 non
625 2330 725 2369 omnes
741 2313 820 2368 vobis
841 2313 940 2369 omnia
961 2313 1119 2382 vindicatis,
1144 2315 1194 2386 qui
1212 2315 1324 2387 judicia

259 2401 470 2475 episcoporum,
487 2418 550 2474 quae
564 2401 668 2458 merito
684 2403 759 2457 inter
773 2404 887 2472 majora
905 2405 1097 2458 numerantur
1114 2405 1246 2476 negotia,
1261 2422 1323 2459 ves

259 2582 287 2634 et
305 2579 491 2651 coepiscopos
513 2583 621 2635 vestros
633 2583 738 2652 praeter
754 2580 917 2652 apostolicae
935 2580 1009 2636 sedis
1023 2598 1195 2637 consensum
1209 2581 1323 2655 deposi-

259 2668 332 2724 tioni
347 2667 506 2739 subjicere?
524 2668 605 2732 Quod
622 2669 646 2723 si
663 2668 862 2725 damnationes
881 2669 1081 2742 episcoporum
1095 2687 1154 2725 non
1168 2669 1246 2726 iuter
1260 2689 1324 2726 ma·

256 2756 322 2828 jora
333 2756 451 2827 negotia
463 2756 662 2825 dinumeratis,
679 2774 801 2829 quorum
809 2758 872 2830 jam
886 2775 985 2814 causas
994 2759 1069 2814 inter
1079 2759 1192 2830 majora
1204 2776 1325 2833 compu-

259 2846 325 2900 tatis
344 2845 482 2916 negotia?
497 2845 581 2914 Quid,
594 2861 678 2916 rogo,
699 2846 734 2901 de
754 2846 927 2919 presbyteris
945 2849 987 2904 rel
1002 2848 1039 2903 de
1053 2847 1198 2903 inferioris
1215 2849 1325 2920 gradus

260 2934 369 2990 clericis
378 2935 482 3007 agitur,
490 2950 614 3007 quorum
627 2938 703 3007 apud
715 2952 766 2991 nos
779 2953 895 3010 quoque
906 2953 992 2992 causa
1001 2936 1245 2992 Chalcedonensis
1255 2955 1326 2994 con·

260 3023 317 3078 cilii
327 3023 452 3094 'regulis
468 3040 535 3079 cum
554 3024 628 3080 ratio
643 3024 740 3095 exigit,
759 3024 852 3080 audiri
863 3025 1020 3096 jubeturil
1035 3027 1064 3082 Si
1078 3026 1228 3100 episcopos
1242 3030 1325 3083 lanta

259 3112 395 3167 facilitate
410 3112 563 3185 deponitis,
573 3113 729 3185 quomodo,
744 3130 827 3184 rogo,
841 3131 893 3186 per
906 3131 964 3183 vos,
980 3131 1103 3187 quorum
1119 3117 1163 3172 vel
1179 3116 1209 3170 in
1224 3117 1326 3188 singu-

259 3201 293 3256 lis
306 3201 461 3272 provinciis
475 3202 600 3258 hahetur
614 3201 710 3274 prima
726 3203 876 3273 sententia,
891 3205 934 3260 val
950 3204 1043 3276 quiin
1064 3203 1224 3276 majoribus
1245 3207 1325 3262 urbi-

259 3290 312 3346 bus
326 3291 473 3347 coustiiuti
487 3291 708 3346 sollicitudiuem
727 3292 867 3364 suscipitis
886 3294 1069 3366 ampliorem,
1083 3293 1122 3350 ad
1136 3311 1226 3349 uuam
1246 3296 1324 3351 Petri

259 3378 357 3434 sedem
381 3379 547 3434 universalis
565 3380 696 3435 Ecclesiae
717 3397 785 3436 cura
804 3381 931 3450 confluit,
948 3381 998 3453 qui
1012 3381 1048 3437 dc
1060 3382 1220 3452 majoribus
1233 3383 1324 3457 depo·

259 3467 361 3522 nendis
372 3467 513 3540 episcopis
521 3468 533 3507 ⁵
541 3468 614 3524 nihil
627 3468 663 3524 ad
673 3470 735 3541 ejus
747 3469 879 3526 notitiam
888 3470 998 3526 deterre
1007 3469 1132 3526 curatis?
1141 3473 1185 3526 An
1195 3471 1326 3544 episcopi

261 3556 297 3611 de
312 3557 468 3612 universali
481 3557 605 3612 Ecclesia
619 3574 676 3614 non
691 3563 766 3626 sunt,
782 3562 814 3613 ut
828 3558 863 3614 de
877 3559 933 3614 illis
953 3558 1124 3616 damnandis
1136 3576 1190 3632 par
1204 3575 1255 3616 ros
1272 3561 1324 3618 ali·

289 3712 313 3760 l.
331 3708 362 3761 V.
377 3707 553 3758 Colleciionem
575 3709 760 3772 Dionysiorum
783 3710 885 3774 (iligna,
904 3710 936 3760 P.
955 3711 993 3773 L,
1013 3715 1032 3760 t.
1053 3711 1152 3771 LXVll,
1173 3726 1197 3776 p.
1217 3713 1263 3762 295
1275 3712 1322 3776 D);

257 3787 398 3850 Deusdadit,
418 3788 566 3840 Collection.
585 3803 719 3854 cancrum,
739 3804 765 3854 p.
782 3792 822 3855 98,
835 3805 856 3841 c.
868 3801 958 3841 cxxxi.
980 3791 1051 3840 llunc
1071 3789 1149 3841 locum
1169 3792 1326 3856 praetermisit

256 3870 399 3920 lliucmarus
415 3868 579 3919 laudunensis
593 3869 621 3934 (l.
633 3884 666 3928 ο..
678 3884 702 3934 p.
716 3870 782 3934 626).

286 3953 310 4000 2.
328 3950 441 4012 Decoiio,
456 3965 495 4014 ap.
509 3951 626 4000 coustant
641 3948 726 4014 (Anat.
734 3951 793 4014 jur.
804 3952 910 4016 pontifi,
923 3949 940 4002 l.
955 3950 998 4016 c.).

286 4031 310 4079 3.
330 4028 504 4093 ordinatione,
514 4044 554 4094 ap.
566 4031 681 4082 Constant
690 4035 716 4079 et
727 4029 860 4080 Deusdedit
871 4029 899 4096 (l.
914 4031 958 4095 a).

286 4112 309 4158 t.
327 4110 466 4159 Anastasius
481 4125 529 4176 qua
542 4111 670 4160 vorborum
688 4110 840 4160 cavillatione
858 4125 971 4162 canonem
991 4126 1082 4163 nonum
1100 4111 1320 4164 chalcedonensem

254 4188 284 4237 sd
294 4189 354 4238 hane
363 4190 563 4251 significationem
575 4191 724 4252 contorserit‚
735 4191 827 4241 ostendi
844 4206 924 4256 supra,
940 4208 964 4258 p.
982 4195 1092 4244 lle-183.

286 4269 310 4318 5.
327 4268 448 4319 liothedus
462 4284 518 4319 sane
531 4284 579 4321 uon
591 4277 643 4322 erat
655 4286 670 4321 e
681 4271 812 4336 majoribus
823 4271 949 4340 episcopis.
