2954 5050
534 429 696 480 etunius
717 428 960 479 osruuutrun
1236 428 1277 477 181

261 571 327 640 Sed
348 591 390 640 nc
413 571 488 660 quis
509 572 590 640 mihi
616 573 759 640 vitiatam
775 572 938 640 Anastasii
960 569 1277 657 argumentationem

217 687 445 774 reprehendat,
468 690 551 755 hanc
575 689 615 755 ad
640 689 776 756 verbum
795 687 995 775 perscribere
1014 685 1119 774 juvat.
1149 685 1293 767 nouem.

207 812 340 890 autern,
358 804 402 870 ait
415 803 481 890 ille,
495 805 667 891 primatem
680 803 853 872 dioceseos
869 812 979 872 sancta
993 801 1137 890 synodus
1150 801 1278 888 dixerit,

169 951 172 958 =
216 927 333 1006 praeter
345 917 479 1006 apostoli
497 918 596 1006 primi
612 919 782 1005 vicarium,
798 919 907 986 nullus
923 918 1052 1004 penitus
1069 917 1275 1004 intelligitur.

215 1031 289 1119 lpse
310 1033 399 1100 enirn
422 1032 560 1118 primas,
582 1033 638 1119 qui
663 1042 695 1099 et
719 1031 844 1119 primus
868 1031 1019 1118 habetur,
1045 1040 1077 1099 et
1100 1051 1276 1098 summus:

213 1169 288 1234 quae
315 1147 454 1234 viritim,
489 1147 516 1214 si
541 1149 630 1214 locus
658 1147 818 1232 exegerit,
846 1147 881 1214 in
912 1147 1051 1216 subditis
1076 1147 1280 1214 demonstra·

215 1264 338 1331 bimus.
364 1263 412 1330 Ne
429 1284 504 1330 vero
528 1272 654 1330 moveat
678 1264 755 1350 quia
772 1263 932 1347 singulari
952 1282 1090 1330 numero
1104 1261 1278 1330 dioceseos

214 1377 420 1465 dictumest,
442 1378 613 1446 selendum
644 1386 692 1446 est
721 1377 798 1464 quia
821 1378 1027 1445 tantumdem
1056 1377 1139 1445 valet
1159 1376 1277 1445 dixisse

214 1489 389 1574 primatem
410 1490 582 1559 dioceseos
600 1500 761 1579 quantum
785 1490 811 1558 si
835 1490 1054 1578 perhibuisset
1073 1491 1274 1581 dioceseon3

107 1595 110 1600 ’
214 1607 318 1692 plenae
335 1615 413 1674 sunt
436 1606 525 1673 enim
545 1615 663 1674 sunctae
687 1605 862 1694 Scriptura
881 1606 936 1674 tali
962 1605 1066 1674 lurma
1089 1607 1274 1674 locutionis.

212 1721 362 1808 Denique
388 1721 611 1809 scriptumest
629 1721 742 1790 :Fons
761 1721 956 1789 ascendebat
977 1741 994 1789 e
1013 1730 1113 1808 terra,
1134 1722 1277 1807 irrigans

213 1837 400 1904 universum
414 1837 619 1926 superficiem
637 1848 743 1906 terrae.
760 1836 824 1918 Qui
839 1837 928 1904 enim
943 1854 1009 1904 non
1023 1836 1080 1923 ait,
1097 1837 1189 1906 Unus
1204 1837 1275 1929 lons

214 1954 408 2023 ascendebat
422 1976 439 2024 e
453 1965 553 2042 terra,
569 1956 624 2024 sed
640 1956 697 2042 ait,
714 1955 801 2023 Fons
816 1965 927 2024 autem
942 1955 1164 2024 ascendebate
1176 1966 1275 2043 terra,

214 2093 273 2159 pro
284 2092 421 2138 numero
432 2071 547 2160 plurali
561 2072 671 2158 posuit
685 2072 930 2158 singularem»,
944 2088 1005 2138 erc.
1018 2071 1026 2105 ¹

259 2187 509 2274 Verumtamen,
521 2210 597 2255 curn
610 2188 642 2254 in
657 2189 711 2256 illo
722 2208 845 2256 canone
856 2187 1069 2256 disertissime
1081 2195 1165 2254 esset
1177 2185 1278 2273 scrip

215 2313 286 2370 tum
304 2303 376 2370 lites
398 2303 636 2392 episcoporum,
660 2303 725 2371 sive
749 2304 789 2370 ad
811 2303 985 2392 primatem
1007 2303 1193 2388 dioceseos,
1210 2301 1277 2368 sive

214 2418 383 2486 adsedem
408 2419 730 2508 Constantinopoleos
750 2419 844 2507 juxta
866 2417 1055 2487 deferendas
1078 2438 1165 2506 esse,
1186 2437 1278 2486 cum·

213 2553 291 2621 que,
306 2554 345 2600 ex
369 2534 533 2602 Anastasii
556 2535 730 2622 sententia,
745 2556 803 2623 per
813 2535 892 2602 illud
909 2536 1058 2623 «primas
1070 2535 1243 2602 dioceseos
1256 2556 1272 2596 u

212 2650 340 2738 primus
364 2651 461 2718 totius
484 2649 634 2718 Ecclesiae
651 2651 904 2739 significaretur,
922 2670 1053 2719 necesse
1069 2660 1139 2718 erat
1157 2648 1277 2717 inferre

211 2766 361 2834 Romano
380 2766 525 2854 pontifici
546 2775 579 2833 et
605 2766 795 2853 patriarche
819 2764 1012 2854 Byzantion,
1033 2785 1091 2851 per
1109 2763 1276 2831 decretum

212 2880 486 2963 Chalcedonense,
500 2901 611 2969 parem
631 2900 700 2950 esse
723 2882 832 2949 datam
842 2881 1097 2970 judicandorum
1110 2878 1277 2966 episcopo-

213 3017 288 3063 rum
302 3006 503 3082 potestatem.
521 2997 628 3076 Quam
647 2999 891 3066 conclusionem
905 3006 942 3064 ut
956 2997 1125 3083 effugeret,
1137 2997 1276 3063 Anasta-

212 3112 280 3179 sius
292 3111 332 3179 ad
346 3133 462 3179 novam
473 3111 631 3180 fallaciam
643 3112 797 3199 decurrit,
809 3123 906 3200 atque
918 3113 1014 3199 fingit
1025 3111 1061 3178 in
1075 3113 1136 3179 hoc
1149 3131 1275 3179 canone

212 3225 379 3294 decretum
399 3247 469 3296 esse
490 3239 526 3295 ut
549 3230 589 3296 ad
613 3229 785 3315 primatem
813 3227 987 3296 dioeceseos
1010 3227 1140 3296 adirent
1162 3246 1275 3295 omnes

211 3357 345 3429 prorsus
366 3342 485 3428 clerici,
510 3342 708 3434 ubicumque
729 3354 836 3431 mont,
861 3344 902 3411 ad
925 3345 1140 3433 patriarcham
1160 3362 1233 3409 vero
1252 3341 1275 3406 ii

211 3465 340 3524 tantum
354 3457 414 3548 qui
426 3456 462 3524 io
471 3458 582 3524 vicieco
596 3459 728 3548 cepione
742 3457 911 3548 depetunt.
927 3460 1016 3540 Quin
1031 3459 1143 3543 etiam,
1155 3477 1196 3524 ne
1210 3457 1274 3522 ulla

211 3574 298 3639 inter
326 3593 443 3660 papam
471 3584 501 3640 et
527 3574 743 3654 patriarcham
770 3585 916 3642 maneret
943 3574 1030 3660 juris
1059 3570 1272 3658 aequabilitas,

213 3709 327 3755 rursus
348 3687 407 3756 iste
424 3689 683 3757 comminiscitur
694 3677 785 3777 juxta
800 3710 958 3757 canonem
974 3686 1275 3760 Chalcedonensem

203 3803 225 3892 j
228 3803 320 3870 uberi
330 3804 463 3891 quidem
474 3806 562 3872 adire
574 3807 614 3872 ad
624 3805 798 3892 primatem
809 3806 995 3890 diaeceseos,
1007 3802 1045 3870 od
1058 3801 1273 3890 patriarcham

212 3938 288 3985 vero
302 3916 508 4008 iodulqeulia
523 3918 674 4010 permitti
676 3942 689 4002 ;
704 3940 894 4008 quanquam
916 3917 1059 4006 synodus
1078 3917 1120 3984 de
1136 3926 1275 4002 utroque

242 4207 266 4254 l.
282 4205 314 4254 V.
340 4204 430 4254 Nicolai
452 4205 535 4269 Epist.
556 4207 597 4254 111
607 4207 643 4256 od
661 4205 809 4255 Michaelem
826 4205 916 4268 imper.
931 4200 1028 4263 (Coleti,
1047 4208 1070 4262 t.
1093 4203 1136 4264 lx,
1154 4216 1177 4264 p.
1202 4202 1273 4258 latu
1347 4235 1350 4238 -

213 4283 306 4346 bligue,
322 4290 341 4334 t.
356 4285 442 4348 cxlx,
458 4300 482 4350 p.
497 4287 563 4349 915).
