2954 5050
442 503 607 556 PLENIUS
628 501 867 556 osrurtbtrun
1138 505 1184 554 2⁰5

13 651 15 692 ³
121 646 237 734 Itaque
263 643 532 714 Hinemaciauam
551 643 773 716 defensionem
798 664 948 714 summus
971 643 1114 732 pontifex
1132 665 1186 714 re-

122 762 220 850 cepit,
236 781 374 849 eamque
387 761 451 830 sibi
464 771 591 850 gratam
604 770 637 831 et
650 761 818 850 probatam
832 758 997 832 confessus
1009 769 1069 849 cst,
1088 759 1186 849 idque

123 878 225 946 voluit
238 885 275 946 ut
287 875 526 965 significaretur
541 877 718 946 Hinemaro
730 878 752 945 ¹.
784 967 787 972 Ι

167 993 215 1060 At
228 1013 301 1061 vero
314 993 521 1079 Anastasius,
535 992 658 1061 fraudis
677 993 818 1081 molitor,
836 991 892 1081 qui
907 991 1013 1082 potuit
1027 1012 1061 1062 sc
1075 1013 1112 1062 ex
1126 994 1187 1063 hoc

12 1125 14 1166 2
122 1109 194 1176 loco
212 1107 335 1180 dillioili
357 1108 551 1177 extrahere?
568 1107 646 1177 Fuit
666 1108 756 1177 euim
771 1109 818 1176 illi
835 1117 908 1177 tum
921 1108 1086 1178 reddenda
1105 1109 1188 1178 ratio

12 1243 14 1284 ῑ
123 1245 161 1294 cn
175 1245 241 1312 quo
255 1223 384 1294 exiisset
397 1224 484 1293 istud
493 1221 659 1294 Benedicti
670 1234 860 1315 corruptum
869 1223 1090 1313 privilegium,
1100 1221 1188 1312 quod

123 1338 270 1427 pontifici
282 1338 444 1427 Romano,
458 1349 614 1429 tanquam
629 1338 669 1409 ab
682 1339 859 1408 Hinemaro
873 1340 999 1428 datum,
1013 1338 1186 1408 obtulerat.

124 1456 171 1522 At
183 1475 261 1522 cum
273 1453 425 1523 Nicotaus
440 1454 484 1542 [id
502 1456 593 1524 enim
607 1454 684 1524 satis
699 1475 860 1543 superque
876 1454 1014 1544 constat)
1028 1474 1095 1522 non
1109 1453 1189 1522 adeo

125 1589 236 1637 severe
259 1569 441 1656 inquireret
464 1570 498 1638 in
522 1591 611 1656 suos,
635 1579 709 1638 tum
731 1569 830 1638 etiam
856 1569 1065 1657 Anastasius,
1094 1566 1189 1657 cujus

126 1705 222 1753 mans
236 1685 381 1752 celeriter
396 1686 594 1775 versabatur,
611 1684 733 1774 aliquid
748 1685 823 1754 novi
836 1685 1017 1771 invenerat,
1033 1706 1097 1774 quo
1111 1683 1190 1753 iaci-

126 1800 190 1868 lius
214 1809 247 1868 et
263 1821 431 1869 summum
452 1803 638 1890 pontificem
661 1811 694 1871 et
715 1801 826 1889 ipsum
853 1801 1070 1870 Hincmerum
1095 1800 1189 1868 delu-

126 1917 232 1985 deret.

174 2032 219 2102 Ut
240 2033 329 2101 enim
355 2032 521 2102 fortunam
545 2044 669 2102 vertere
696 2032 870 2118 intellexit,
905 2052 963 2100 nec
982 2030 1054 2120 jam
1082 2032 1191 2100 locum

127 2169 199 2218 csse
213 2148 370 2236 perdendi
384 2149 567 2236 Hinemari,
583 2149 690 2217 eidem
713 2169 748 2216 sc
768 2147 873 2216 lavere
887 2147 992 2236 finxit,
1008 2167 1192 2215 summum-

128 2284 194 2354 que
207 2265 244 2332 in
256 2263 325 2353 ejus
340 2286 471 2334 causam
486 2264 657 2333 ostentavit
675 2263 833 2351 studium,
849 2273 885 2333 ut
903 2263 1017 2351 legatis
1035 2261 1193 2352 archiepi-

128 2383 219 2472 scopi
246 2403 319 2453 eam
345 2385 534 2473 opinionem
556 2382 706 2472 injecisse
733 2383 891 2471 videatur,
911 2404 946 2452 se
968 2393 1001 2453 et
1013 2382 1193 2452 Arscnium

129 2507 258 2589 patrem
281 2499 421 2568 maxime
441 2500 482 2567 ad
507 2489 747 2568 conciliandum
771 2519 886 2587 papam
909 2498 1096 2569 contulisse.
1124 2497 1194 2566 Hoc

131 2615 249 2682 saltem
261 2634 299 2683 ex
314 2614 353 2683 iis
368 2635 543 2702 possumus
562 2613 712 2701 colligere
731 2634 805 2701 quae
817 2623 890 2703 post
909 2617 978 2684 haec
999 2615 1109 2683 statim
1128 2613 1195 2701 egit

133 2729 344 2798 llincmarus.

175 2844 209 2914 Is
224 2845 325 2935 enim,
343 2845 398 2914 nbi
417 2846 520 2915 iactus
541 2857 590 2916 est
604 2847 723 2917 certior
737 2847 899 2937 quomodo
920 2865 972 2915 res
990 2844 1103 2913 Romae
1125 2863 1196 2913 sese

130 2962 335 3051 habuissent,
364 2982 554 3051 quanquam
578 2984 655 3033 eum
681 2964 820 3032 istorum
846 2962 1072 3031 Romanorum
1102 2959 1196 3029 dolus

133 3183 192 3233 «Εἰ
212 3182 232 3231 si
252 3198 308 3233 nera
327 3189 408 3233 essent
428 3198 481 3249 qua
499 3183 568 3234 robis
585 3182 615 3234 de
633 3199 673 3234 mc
690 3200 705 3234 a
721 3183 866 3248 quibusdam
884 3182 954 3233 audio
972 3180 1044 3247 dicta,
1058 3196 1106 3232 non
1120 3180 1197 3232 solum

132 3263 220 3312 merito
236 3278 294 3326 erga
305 3278 344 3313 me
359 3263 439 3313 taliter
451 3264 614 3327 moveremini,
632 3279 716 3314 nerum
732 3270 757 3314 ct
775 3262 993 3329 incomparabiliter
1006 3263 1111 3313 severius
1123 3277 1197 3328 quam

132 3343 279 3394 moneamini
291 3341 339 3393 zelo
356 3344 505 3394 rectitudinis
520 3343 718 3395 accenderemini.
736 3343 785 3396 Sed
798 3344 888 3407 gratias
906 3343 950 3407 illi,
967 3345 1035 3407 cujus
1053 3343 1198 3406 gratiosum

132 3424 158 3474 id
169 3424 234 3488 quod
248 3439 311 3487 sum,
324 3424 380 3488 quia
393 3425 534 3488 perhibente
549 3425 608 3474 mihi
623 3424 786 3475 testimouium
798 3423 943 3474 conscientia
953 3438 1017 3487 mea,
1031 3422 1088 3474 licet
1103 3423 1128 3472 in
1144 3423 1198 3472 aliia

133 3504 182 3553 sim
199 3510 316 3568 peccator,
337 3511 417 3554 tamen
439 3505 463 3554 iu
482 3505 520 3554 his
534 3505 564 3556 de
580 3505 668 3570 quibus
687 3520 725 3555 me
740 3505 802 3570 apud
820 3505 987 3555 auctoritatem
1005 3509 1109 3554 veebum
1127 3502 1198 3553 audio

134 3583 255 3648 denotari,
274 3599 322 3633 non
337 3584 392 3634 talis
409 3599 464 3635 sum
480 3585 506 3634 in
524 3584 597 3636 oculis
614 3585 709 3649 divinis,
732 3585 809 3650 qualis
826 3585 941 3649 depingor
954 3585 980 3633 in
998 3585 1096 3634 auribus
1110 3582 1199 3633 huma-

134 3664 181 3714 nis.
194 3665 230 3714 De
244 3670 337 3714 tumore
354 3680 457 3729 namque
466 3680 524 3727 arga
539 3665 623 3716 sedem
633 3665 795 3730 apostolicam,
807 3666 914 3715 omnium
926 3664 1086 3716 Ecclesiarum
1097 3670 1198 3716 matrem

134 3751 208 3809 atquc
223 3745 374 3808 magistram,
386 3746 437 3809 jam
451 3745 514 3810 apud
532 3751 619 3796 sanctu
637 3745 805 3796 recordationis
820 3745 934 3808 Sergium
945 3751 1018 3810 etque
1030 3746 1133 3795 Leonem
1147 3743 1199 3793 lue-

133 3840 188 3875 ram
201 3824 339 3879 denotatus:
355 3825 397 3874 sed
411 3825 498 3875 debitis
510 3826 639 3890 obsequiis,
655 3833 796 3892 cooperante
812 3827 923 3888 Domino,
938 3839 1080 3890 quocunque
1095 3839 1121 3873 sa
1134 3823 1199 3874 locus

134 3905 197 3955 mihi
214 3904 324 3969 prebuit,
336 3907 467 3956 monstrari
482 3906 545 3970 quod
556 3906 633 3957 tidelis
646 3914 671 3957 ct
680 3907 789 3971 devotus,
802 3906 901 3956 humilis
914 3919 1008 3969 quoque
1021 3915 1093 3969 atque
1109 3904 1201 3967 subjec-

133 3993 174 4035 tus
192 3989 288 4048 semper
303 3985 327 4035 lu
343 3986 455 4035 omnibus
467 3991 492 4036 et
506 3986 596 4051 ubique
610 4001 668 4050 erga
677 3987 758 4038 sedem
770 3985 923 4052 apostolicam
935 3990 961 4034 et
971 3986 1024 4047 ejus
1041 3991 1144 4034 rectores
1159 4000 1200 4035 cx-

134 4065 253 4126 stiterim;
268 4070 293 4114 et
302 4065 371 4116 modo
381 4081 436 4114 oum
447 4073 550 4128 tumore,
562 4082 644 4132 quem,
659 4075 775 4132 quantum
789 4067 865 4132 potui,
881 4065 912 4113 ab
925 4064 1020 4113 ineunte
1034 4070 1104 4114 aetate
1116 4065 1201 4129 vitari,

134 4143 261 4195 dolositate
280 4150 354 4210 atque
373 4146 521 4210 crudelitate,
541 4147 605 4211 apud
624 4154 730 4198 sanctam
751 4154 775 4197 et
795 4143 1006 4210 prudentissimam
1023 4144 1201 4210 simplicitatem

135 4232 241 4276 nestram
255 4225 336 4275 videor
351 4225 466 4279 denotari.
480 4245 492 4274 n
511 4228 614 4291 (llignc,
626 4233 645 4278 t.
657 4229 766 4290 cxxvi,
778 4241 803 4291 p.
815 4226 865 4290 78.)

169 4312 192 4357 l.
211 4325 223 4352 a
238 4305 349 4356 Nicolaue
359 4322 414 4357 nero
424 4322 486 4372 papa
498 4315 620 4370 gratanter
629 4309 760 4373 suscipiens
768 4322 821 4372 quae
833 4307 977 4357 llincmarus
988 4307 1123 4373 scripserat,
1137 4308 1160 4359 ei
1173 4307 1202 4358 de

137 4386 250 4437 omnibus
262 4386 307 4436 sibi
325 4387 472 4437 satisfactum
486 4403 538 4438 esse
553 4389 681 4454 rescripsit.
696 4405 710 4435 n
727 4387 849 4438 llincmari
864 4387 974 4439 Annales
987 4389 1078 4454 (ibid).
