3006 5050
263 480 498 533 nudicollo
519 480 617 530 Para
639 481 651 530 l
671 479 841 539 EJUSQUE
862 479 1143 532 Fauttlttttttus
1205 481 1236 530 ib

169 635 240 693 tam
261 623 425 692 obstinato
452 622 564 691 animo
591 621 764 692 adhesisse
790 629 854 709 ut,
874 621 990 690 ceteris
1014 621 1172 691 Romanis
1195 623 1237 690 ad

169 760 285 808 verum
300 758 418 826 papam
433 736 659 826 redeuntibus,
673 738 743 826 ipse
752 757 845 824 paene
858 737 947 806 solus
960 736 1116 825 ereptoris
1132 747 1238 807 castra

171 857 212 925 ad
231 864 414 924 extremum
430 855 585 923 tenuerit.
601 853 704 922 Porro
717 855 807 922 hunc
820 853 975 924 eumdem
998 855 1125 924 socium
1143 855 1239 924 Ana·

171 971 306 1044 stasiani
319 970 472 1040 iocinoris
484 969 636 1039 Nicolaus
647 969 664 1038 Ι
677 969 822 1038 instituit
835 969 921 1038 sedis
934 971 1116 1060 apostolicae
1129 971 1239 1040 consi-

171 1087 317 1173 liarium,
342 1086 431 1154 bunc
455 1085 646 1155 deliciosum
670 1105 769 1153 suum
794 1084 1012 1173 praedicario,
1035 1085 1126 1174 huic,
1148 1087 1238 1155 nulla

172 1201 298 1270 ratione
316 1200 428 1269 habita
444 1221 521 1268 cum
536 1208 694 1282 vetemm,
716 1210 789 1270 tum
809 1200 909 1269 etiam
927 1200 1147 1270 recentiorum
1160 1223 1236 1290 pro·

172 1316 355 1403 ditionum,
387 1315 467 1383 duas
500 1314 666 1384 commisit
698 1315 833 1383 maximi
860 1315 1020 1384 momenti
1044 1317 1237 1405 legationes,

173 1433 278 1500 donec
308 1430 442 1500 tandem
474 1429 687 1500 rebellantem
720 1451 797 1498 eum
831 1429 872 1498 ab
905 1431 996 1498 omni
1022 1431 1181 1518 dignitate
1207 1443 1239 1500 et

173 1547 279 1635 gratia
294 1565 425 1615 necesse
445 1545 597 1614 habuerit
614 1545 781 1634 repellere.
806 1544 871 1613 Sed
892 1546 959 1615 hac
979 1546 1142 1616 subtiliter
1162 1568 1238 1636 per·

174 1681 357 1749 sequamur
367 1659 392 1729 ¹.

221 1775 356 1856 Quodsi
370 1777 437 1844 ullo
450 1785 595 1864 tempore
609 1796 729 1862 magna
743 1796 840 1844 causa
859 1775 894 1843 in
912 1797 1118 1845 summorum
1132 1778 1242 1864 ponti-

176 1894 278 1960 ficum
297 1890 422 1978 judicio
442 1911 479 1958 ac
503 1899 658 1977 potestate
682 1901 805 1959 versata
829 1903 890 1979 est,
912 1912 1044 1979 eaquae
1066 1892 1106 1960 de
1126 1893 1242 1962 Photio

176 2005 373 2094 patriarcha,
402 2005 522 2073 Nicolai
545 2005 560 2071 I
585 2005 801 2093 temporibuS,
821 2006 955 2092 exstitit,
976 2015 1066 2074 tanta
1089 2006 1150 2074 fuit
1168 2015 1243 2074 tan-

178 2122 270 2209 tique
289 2120 438 2207 periculi,
458 2130 496 2187 ut
514 2119 629 2189 exinde
646 2121 805 2190 universae
819 2119 971 2189 Ecclesiae
982 2122 1243 2208 perturbationes

177 2235 393 2324 profluxerint
406 2256 443 2303 ac
457 2235 506 2304 vir
526 2235 671 2304 sanabile
690 2235 876 2304 discidium.
893 2235 1089 2323 Quanquam
1105 2235 1241 2304 enimin

178 2350 339 2439 principio
363 2350 446 2417 nihil
471 2350 558 2418 aliud
580 2350 739 2436 agebatur
759 2351 793 2417 in
812 2352 873 2418 bac
898 2371 993 2419 causa
1011 2371 1110 2438 quam
1132 2360 1244 2418 utrum

177 2469 331 2556 Photius‚
350 2467 497 2556 judicato
515 2467 683 2536 decessore
704 2467 775 2555 ejus
796 2467 937 2556 Ignatio,
953 2489 1049 2538 verus
1064 2468 1245 2556 patriarcha

180 2583 247 2652 dici
275 2593 400 2670 posset,
435 2604 478 2651 an
510 2581 676 2670 IgnatiuS,
705 2583 762 2671 qui
796 2584 962 2652 immerito
992 2585 1032 2652 ab
1060 2585 1244 2672 episcopatu

179 2709 264 2769 esset
278 2698 484 2786 deturbatus,
505 2698 558 2786 jus
581 2719 680 2767 suum
705 2700 846 2767 retinere
864 2699 1010 2787 deberet,
1025 2709 1136 2767 tamen
1155 2699 1247 2767 brevi

181 2826 341 2902 tempore,
364 2813 471 2882 varias
491 2814 533 2882 ob
553 2835 666 2882 causas
688 2834 769 2901 quas
791 2834 974 2882 memorare
996 2835 1062 2881 non
1085 2815 1137 2882 hic
1158 2814 1246 2881 locus

180 2939 243 3017 est,
258 2950 311 2997 res
332 2949 351 2997 a
369 2929 493 3016 privata
516 2929 656 2997 utilitate
675 2928 716 2997 ad
732 2949 942 2998 communem
960 2929 1050 2996 illam
1069 2928 1249 2996 conflictio-

181 3065 260 3113 nem
273 3043 459 3131 declinavit,
481 3045 517 3111 in
536 3065 600 3131 qua
618 3042 723 3112 Graeci
737 3065 814 3112 cum
827 3043 954 3112 Latinis
969 3044 1009 3112 de
1023 3045 1086 3112 fide
1103 3055 1135 3113 et
1151 3042 1249 3112 disci-

181 3160 280 3248 plinis
301 3159 486 3228 christianis
507 3181 606 3247 quam
629 3160 788 3228 acerrime
810 3159 1020 3228 dimicarunt.
1042 3159 1155 3248 ltaque
1173 3181 1250 3228 cum

182 3277 330 3365 primum
343 3256 517 3362 Byzantini
532 3286 674 3344 oratores
689 3275 829 3363 Romam
844 3275 1056 3364 advenerunt,
1069 3297 1156 3343 anno
1171 3279 1249 3362 800,

185 3409 356 3456 summum
370 3387 557 3475 pontificem
571 3399 723 3477 rogantes
740 3397 776 3456 ut
794 3396 827 3456 et
844 3388 1082 3457 ordinationem
1096 3389 1204 3457 Photii
1219 3399 1252 3456 et

219 3561 243 3604 1.
261 3556 318 3604 Haec
331 3555 396 3604 enim
412 3556 539 3619 Nicotaus,
554 3556 660 3605 scribens
678 3555 709 3605 ad
730 3555 853 3620 episcopos
869 3555 995 3605 Francia:
1012 3555 1252 3606 «Rercrorrtissimos

190 3648 254 3683 nunc
274 3635 379 3695 dirigere
399 3635 484 3684 missos
501 3636 660 3698 decrevimus,
684 3635 849 3684 Rhadoaldum
866 3635 957 3684 scilicet
974 3641 1048 3699 atque
1064 3637 1181 3686 loannem
1199 3635 1251 3698 epi-

186 3729 281 3779 scopoa,
296 3715 428 3764 deliciosos
439 3719 464 3765 et
476 3715 752 3765 ronulicmosnostror.
765 3733 777 3762 a
792 3717 892 3778 (lligne,
907 3722 926 3764 t.
938 3716 1024 3776 CXIX,
1040 3730 1079 3779 ep.
1094 3719 1135 3778 21,
1146 3730 1170 3779 p.
1184 3717 1252 3780 802.)

187 3796 268 3859 Atque
285 3796 308 3842 in
326 3793 374 3843 alia
390 3795 509 3859 epistola:
526 3797 652 3845 «Nostros
674 3794 733 3844 duos
756 3795 907 3845 venerabiles
931 3795 1068 3859 episcopos,
1088 3794 1253 3844 Rhadoaldum

185 3873 300 3924 videlicet
319 3880 409 3924 sancta
423 3876 562 3925 ponoenas
576 3875 690 3938 ecclesia,
706 3881 731 3924 et
745 3876 861 3925 loannem
882 3881 970 3924 sanctae
990 3875 1132 3924 Ficoclensis
1150 3875 1254 3926 ecclesia

186 3955 317 4017 antistites,
333 3955 466 4004 deliciosos
482 3959 611 4007 nostros...
629 3955 791 4005 direximus.»
807 3957 908 4020 (bligne,
924 3970 963 4019 ep.
977 3959 1014 4016 te,
1030 3970 1054 4019 p.
1067 3955 1134 4020 800.)

218 4039 243 4086 2.
260 4034 314 4093 Qus
326 4034 351 4082 in
364 4049 390 4084 re
401 4049 463 4098 saepe
477 4041 529 4084 utor
541 4036 631 4085 Nicorai
646 4037 654 4085 l
668 4035 764 4098 litteris,
775 4050 913 4101 quanquam
925 4040 1008 4099 postea
1017 4034 1141 4084 ostendam
1152 4037 1254 4085 Anasta-

187 4115 262 4177 sium,
277 4115 364 4162 harum
378 4114 513 4164 litterarum
531 4117 678 4179 scriptorem,
694 4119 763 4180 plura
780 4116 804 4164 in
820 4131 860 4194 eas
873 4115 1012 4179 insinuasse,
1027 4129 1080 4178 quar
1092 4121 1169 4176 magis
1185 4132 1256 4166 suurn

188 4207 263 4258 quam
282 4193 375 4243 Nicolei
394 4194 502 4244 animum
521 4195 693 4246 demonstrent.
710 4199 743 4246 At
755 4197 781 4244 in
795 4209 847 4244 rem
861 4201 1002 4259 presentem
1012 4209 1070 4244 cum
1083 4195 1144 4244 nihil
1158 4197 1256 4246 aderam

189 4273 255 4336 quod
270 4288 318 4321 non
339 4288 433 4322 summo
452 4274 557 4338 pontifici
576 4275 649 4324 suerit
669 4283 694 4324 et
714 4275 842 4338 probatum
861 4280 886 4324 ct
906 4279 1072 4340 perspectum,
1092 4291 1119 4326 cx
1134 4276 1179 4326 hoc
1193 4283 1257 4326 certe

190 4352 250 4417 quid
265 4353 305 4403 ille
322 4354 421 4404 sentiret
434 4361 460 4405 et
473 4353 544 4404 vellet
559 4354 670 4418 colligere
685 4355 720 4404 lae
733 4360 777 4404 est.
1138 4347 1144 4362 '
