2954 5050
502 459 678 512 roarnul
701 459 819 512 venre
1075 435 1079 444 '
1146 463 1192 514 aar

174 607 259 676 Nam
273 607 417 698 primum
432 607 579 696 epistolas
593 607 775 698 pontificias
796 607 938 678 dictandi
951 629 1075 678 munus
1100 609 1192 678 Ana-

126 724 229 794 stasio
242 724 463 812 continuatur,
479 723 756 812 quemadmodum
765 725 800 794 id
814 733 940 795 constat
961 745 999 797 ex
1013 725 1118 814 ipsius
1129 735 1191 795 tes·

126 841 268 913 timonio
284 839 308 910 ¹.

174 956 254 1025 Erat
263 965 372 1026 autem
387 957 580 1026 Anastasius
594 956 629 1025 in
644 956 795 1027 ordinem
820 956 1025 1028 sacerdotum
1042 959 1191 1030 nondum

128 1076 301 1164 reductus3
315 1074 402 1162 quod
418 1074 564 1162 quidem,
577 1082 615 1142 ut
633 1095 730 1163 supra
745 1073 899 1164 diximus,
913 1074 1065 1145 Nicolaus
1082 1097 1117 1148 sa
1128 1076 1194 1146 fac-

127 1202 244 1264 turum
258 1189 482 1280 promiserat²‚
508 1191 582 1278 sed,
607 1191 763 1280 quoniam
784 1192 813 1262 is
833 1191 974 1281 pontifex
990 1193 1072 1262 nihil
1087 1195 1193 1283 magis

130 1307 352 1378 reformidavit
376 1328 476 1396 quam
496 1327 538 1375 ne
562 1306 654 1378 sedes
681 1309 871 1397 apostolica,
893 1310 1044 1379 omnium
1070 1311 1195 1381 arbiter

129 1435 163 1495 et
173 1425 285 1515 juder,
314 1425 385 1516 ipsa
404 1426 440 1494 in
459 1425 639 1515 judicando
661 1447 810 1517 peccasse
830 1427 1036 1517 videretur³,
1060 1428 1193 1516 longam

131 1540 384 1612 satisfactionem
396 1539 436 1609 de
445 1541 540 1630 culpa
551 1541 704 1630 praemitti
719 1543 871 1610 voluerat.
883 1539 996 1630 Itaque
1007 1542 1193 1611 Hadrianus

132 1677 201 1726 nou
220 1655 471 1746 exspectandum
489 1677 559 1726 essa
573 1655 697 1725 diutius
718 1657 930 1746 existimavit3
953 1667 986 1726 at
1006 1658 1120 1728 eodem
1136 1659 1192 1726 illo

132 1772 187 1844 die
204 1795 281 1842 oum
296 1773 332 1843 in
354 1793 524 1843 summum
546 1773 732 1862 pontificem
753 1782 897 1842 sacratus
919 1783 979 1862 est,
1001 1774 1082 1864 ipse,
1106 1777 1192 1844 inter

130 1889 309 1959 missarum
323 1890 510 1978 sollemnia,
527 1889 700 1960 Anastasio
714 1889 981 1960 communionem
999 1890 1192 1962 ecclesiasti·

132 2026 206 2078 eam
223 2004 343 2074 deditl.

178 2122 250 2204 Quo
265 2122 360 2211 lacto,
376 2143 452 2190 cum
462 2122 533 2212 jam
547 2123 629 2192 nihil
656 2122 799 2191 obstaret
820 2121 900 2211 quin
922 2121 962 2190 ad
975 2124 1115 2192 honores
1139 2144 1193 2193 ec·

132 2240 327 2309 olesiasticos
353 2240 522 2309 restitutus
544 2240 692 2309 sacerdos
716 2238 967 2327 produceretur,
998 2239 1107 2307 statim
1145 2239 1196 2308 bi-

133 2355 335 2425 bliothecarii
350 2375 487 2425 munere
501 2365 534 2425 et
547 2356 681 2425 nomine
695 2361 835 2444 augetur
849 2356 1042 2424 Anastasius
1052 2354 1077 2443 ⁵,
1097 2365 1194 2446 atque

133 2474 210 2542 huic
235 2472 369 2562 quidem
393 2473 619 2542 Romanorum
646 2472 845 2560 doctissimo,
873 2472 929 2541 sed
959 2473 1194 2560 pontificalium

133 2589 406 2679 synodaliumque
440 2590 635 2678 scriptorum
670 2589 839 2678 direptori,
864 2588 1074 2659 custodienda
1110 2591 1195 2659 sedis

133 2706 315 2795 apostolicae
326 2706 454 2778 archiva
468 2706 651 2795 scriptaque
663 2704 851 2774 traduntur.

175 2824 220 2895 ll.
237 2824 326 2892 Nihil
336 2808 436 2913 igitur
448 2825 626 2914 quidquam
641 2824 805 2894 Anastasii
826 2822 987 2892 desiderio
1004 2830 1102 2912 atque
1121 2845 1195 2892 am-

133 2941 250 3018 bitioni
265 2939 431 3029 defuisset,
446 2941 508 3009 nisi
524 2941 570 3008 illi
587 2961 623 3009 ex
635 2942 695 3009 hae
716 2941 787 3028 ipsa
811 2938 942 3008 Arsenii
958 2938 1043 3026 apud
1056 2938 1195 3007 Hadria-

133 3078 215 3127 num
231 3058 419 3126 auctoritate
434 3067 466 3142 et
480 3056 598 3144 gratia,
619 3065 656 3125 ut
674 3077 793 3143 magna
807 3055 944 3126 fortuna
965 3054 1088 3125 utilitas
1103 3055 1197 3126 elllo-

134 3185 255 3264 ruerat,
271 3175 317 3244 sic
331 3175 430 3243 etiam
443 3174 657 3262 impendisset
674 3182 795 3243 metus.

164 3321 187 3368 1.
202 3317 235 3368 V.
253 3332 335 3383 snpra,
357 3331 382 3381 p.
406 3318 522 3366 112-113.
543 3317 622 3381 Atque
645 3316 669 3367 id
688 3315 751 3382 quod
773 3317 913 3366 Anastasius
931 3315 1045 3367 hocloco
1064 3317 1093 3366 dc
1111 3316 1198 3368 litteris

133 3399 248 3451 Hadriani
269 3398 299 3448 ad
318 3411 414 3448 causam
436 3397 579 3448 Photianam
594 3397 756 3463 spectantibus
772 3398 906 3462 profitetur,
924 3396 953 3448 de
971 3396 1025 3448 aliis
1048 3398 1131 3460 negari
1150 3412 1197 3448 nou

133 3495 201 3546 posse
210 3494 264 3528 mor
278 3478 336 3528 sutis
349 3478 474 3530 constabit.
489 3478 521 3529 V.
535 3477 605 3542 infra,
616 3493 640 3543 p.
656 3480 710 3541 229,
725 3493 750 3528 n.
768 3481 794 3540 l;
811 3492 836 3543 p.
852 3479 906 3530 256.

164 3563 188 3612 2.
206 3560 237 3611 V.
253 3574 276 3623 p.
293 3561 347 3611 166.

164 3643 189 3692 3.
205 3642 264 3690 llaec
277 3639 426 3703 Anastasius,
435 3654 463 3688 ax
477 3638 567 3690 Nicolai
582 3652 683 3703 persona
696 3643 721 3688 et
734 3639 840 3702 nomina,
853 3627 973 3690 scribebat
984 3639 1014 3690 ad
1029 3638 1197 3690 Hludonicum

135 3721 269 3772 Germania
291 3734 399 3782 rogem:
424 3721 508 3769 «Nam
527 3719 590 3769 sadis
613 3718 746 3782 apostolica
764 3720 883 3770 sententia
905 3726 973 3771 tanta
990 3733 1086 3784 semper
1105 3719 1198 3768 consilii

135 3801 295 3852 moderatione
307 3799 448 3865 concipitur,
459 3805 526 3850 tanta
540 3799 659 3864 patientia
671 3800 810 3850 maturitate
821 3800 973 3865 decoquitur,
984 3804 1099 3864 tantaque
1107 3799 1198 3850 deliba-

135 3882 231 3933 ratlonis
245 3881 364 3943 gravitate
375 3880 502 3945 profertur,
521 3886 548 3929 ut
567 3880 734 3930 retractatione
754 3895 803 3930 uon
819 3889 898 3944 egeat,
921 3895 964 3930 nec
979 3880 1099 3929 immutari
1113 3893 1199 3929 noces-

136 3964 225 4013 sarium
240 3962 311 4011 ducat
326 3959 391 4011 :nisi
408 3959 468 4009 forte
482 3960 515 4008 sic
530 3957 620 4024 prolata
640 3960 672 4009 slt
693 3966 719 4009 ut
738 3961 860 4010 retractari
888 3960 970 4024 possit,
990 3958 1028 4008 vel
1041 3958 1200 4010 -immutanda

136 4042 266 4093 seeundum
284 4041 413 4106 premissa
425 4045 532 4090 tenorem
546 4040 691 4090 condicionis
706 4041 823 4090 cristato
839 4041 942 4105 (Migne,
954 4046 973 4090 t.
989 4040 1076 4102 CXIX,
1086 4054 1124 4104 ep.
1145 4043 1197 4102 151,

136 4138 160 4188 p.
182 4123 261 4186 1162.)
280 4120 350 4181 Quod
366 4119 431 4170 idom
453 4119 600 4170 adverbum
619 4119 764 4170 describitur
787 4120 811 4168 in
833 4118 947 4183 Epistola
970 4119 1006 4168 ad
1021 4120 1150 4185 episcopos
1170 4122 1199 4172 in

137 4219 211 4270 rayno
225 4201 368 4252 Hludoroicf
374 4203 535 4251 constitutos.
548 4201 580 4250 V.
592 4202 684 4262 Misus,
699 4215 736 4264 ep.
753 4202 807 4260 155,
823 4215 849 4264 p.
864 4201 934 4250 ll'll.

167 4289 190 4336 1.
207 4286 239 4336 V.
259 4285 343 4334 Vllum
356 4282 483 4332 Hadriani
497 4282 529 4341 ll,
544 4296 566 4333 c.
582 4294 609 4345 x,
622 4283 664 4331 cit.
678 4281 701 4330 io
714 4281 841 4342 Prommio,
856 4295 881 4345 p.
895 4281 919 4339 6,
934 4294 958 4330 n.
977 4282 1001 4329 6.

167 4369 189 4416 6.
206 4366 275 4415 Hanc
288 4377 340 4413 ram
353 4362 379 4411 in
393 4362 509 4414 Prooeroio
519 4361 627 4427 pluribus
642 4360 790 4422 argumentis
802 4359 896 4422 collegi.
909 4360 941 4411 V.
953 4376 978 4426 p.
994 4364 1077 4414 11-11.
