2954 5050
522 456 699 510 scarnen
723 457 842 511 vanu
1167 463 1211 516 ddi

147 601 345 672 moverint¹.
366 600 462 683 Quod
473 598 614 670 arbitror
628 601 704 668 satis
716 610 863 670 constare
883 589 961 670 cum
978 601 1082 690 ipsius
1097 603 1211 674 Basilii

148 718 270 806 verbis,
297 716 355 805 qui
373 716 492 786 deinde
506 715 545 784 ad
561 715 790 786 Hludowioum
809 715 977 786 scribens¹
996 717 1067 807 ejus
1089 721 1213 807 lagatos

147 841 285 919 questus
315 840 363 899 est
395 829 568 918 superbius
601 852 638 900 ac
672 831 887 900 truculentius
914 833 1031 922 agisse,
1066 834 1212 922 gladium

147 947 312 1016 nudantes
336 946 428 1014 omni
452 954 611 1035 tempora,
641 963 702 1014 neo
722 946 828 1014 solum
849 948 1011 1038 homines,
1034 949 1091 1019 sed
1112 950 1211 1020 etiam

144 1063 299 1152 jumenta
318 1059 506 1130 feriantes³.

194 1177 362 1266 Quidquid
390 1177 445 1265 sit,
465 1175 631 1244 Anastasii
655 1197 722 1245 non
745 1195 782 1245 ea
803 1174 866 1246 luit
888 1178 1005 1266 agendi
1032 1179 1116 1249 ratio
1140 1202 1213 1270 que

147 1294 309 1363 Basilium
329 1301 363 1362 et
382 1290 509 1361 Graecos
532 1291 690 1361 Romanis
709 1291 948 1381 conjunctiores
971 1294 1101 1366 faceret.
1129 1297 1214 1366 Nam

147 1409 237 1480 sedis
262 1409 443 1497 apostolicae
468 1407 583 1494 legati,
611 1408 668 1495 qui
698 1407 907 1478 advenientes
940 1410 1030 1498 regio
1057 1423 1213 1500 apparatu

146 1547 332 1619 pompaque
359 1525 621 1615 splendidissime
649 1525 770 1614 accepti
801 1526 928 1616 erant⁴,
956 1549 1032 1597 eum
1055 1531 1215 1602 discesso-

147 1653 241 1731 runt,
257 1645 346 1712 nullo
361 1642 530 1731 comitatu,
550 1642 638 1710 nulla
653 1642 881 1732 sollicitudine,
905 1643 946 1713 ab
965 1663 1032 1714 uno
1049 1647 1214 1736 spathario

147 1759 367 1849 Dyrrachium
394 1758 483 1825 ducti
509 1765 603 1846 sunt;
639 1777 676 1826 er
704 1767 786 1846 quo,
815 1779 991 1829 conscensa
1019 1781 1100 1830 nare
1127 1763 1213 1831 male

146 1885 276 1962 ornata,
287 1874 339 1943 vix
352 1873 474 1962 aliquot
487 1871 556 1941 dies
567 1875 740 1940 Anconam
754 1893 865 1942 versus
880 1874 1122 1964 navigaverant,
1137 1898 1214 1946 cum

146 1992 185 2059 in
207 2010 327 2059 manus
348 1988 519 2059 Slavorum
536 1988 716 2076 piratarum
731 1988 919 2058 inciderunt
929 1988 954 2060 ⁶.

180 2231 205 2280 l.
220 2229 386 2291 arognosaas
393 2227 455 2278 hano
465 2226 564 2278 tertiam
576 2225 698 2277 nummati
710 2231 735 2277 et
748 2226 812 2278 Vita
825 2227 942 2280 Hadriani
957 2229 1128 2283 dissensionem
1143 2249 1151 2286 r

162 2377 200 2418 EX
212 2375 275 2416 vtrt
289 2373 421 2415 utentum
438 2363 568 2428 usonem*
583 2371 644 2412 XLV·
709 2371 974 2417 nxanasrnsnrroms
984 2377 1217 2425 msrrtonurtvm·

184 2481 302 2542 «Quibus
315 2479 452 2546 (nemesio
468 2479 568 2544 ejusque
582 2477 658 2528 ooml-
739 2479 797 2530 «Aa
807 2479 1009 2546 reroimperator,
1020 2481 1060 2532 hle
1074 2483 1164 2535 auditis
1180 2483 1215 2550 (ld

146 2563 225 2624 tibus)
240 2562 333 2613 diverso
351 2561 421 2612 modo
438 2575 486 2610 non
503 2561 555 2611 sine
569 2574 658 2623 magno
706 2565 752 2622 eat,
767 2560 889 2610 Anaatmil
897 2563 998 2626 ejusque
1004 2565 1121 2614 comitum
1130 2565 1214 2616 admo·

145 2643 238 2694 laboris
249 2641 355 2708 periculo
365 2641 557 2705 imminentibus,
565 2640 660 2692 libellos
706 2641 815 2705 uitione),
823 2643 1052 2694 accersiritricarios
1060 2651 1085 2695 et
1092 2647 1127 2696 eis
1134 2648 1215 2698 omnia

147 2722 248 2788 quidem
274 2723 313 2772 rix
337 2721 435 2772 tandem
460 2721 590 2786 recipiunt3
617 2722 659 2772 sed
707 2721 866 2787 chirographa
877 2723 989 2785 reddidit,
1001 2723 1035 2774 ita
1043 2729 1071 2775 ut
1080 2740 1125 2776 nec
1137 2743 1215 2778 unum

148 2802 300 2868 imperatoris
318 2803 380 2852 iram
400 2817 442 2867 pro
460 2802 534 2852 nimia
559 2817 608 2852 suu
620 2802 658 2852 di·
706 2801 1040 2868 seltemdelicerepatcretnr,
1052 2806 1150 2858 dioens=
1162 2809 1214 2870 ligo

147 2882 272 2933 strictione
304 2881 360 2933 fidei
391 2881 548 2933 vehementer
577 2882 658 2933 incur·
707 2884 804 2949 quidem
812 2885 989 2947 utmagistram
999 2886 1215 2940 ecclesiasticorum

148 2968 243 3015 runt.»
707 2965 859 3026 negotiorum
883 2965 966 3014 eadem
994 2965 1150 3029 apostolicam
1172 2981 1215 3033 per

392 3041 512 3107 (Vignoli,
523 3057 549 3107 p.
560 3043 626 3109 alt.)
707 3059 773 3094 meos
791 3043 882 3108 lagatos
904 3045 961 3110 adii,
986 3050 1011 3095 et
1034 3044 1088 3095 ideo
1109 3053 1215 3098 vestram

706 3125 858 3191 presentiam
867 3124 1016 3190 praestolatus
1027 3139 1089 3188 sum,
1100 3131 1128 3175 ut
1135 3132 1215 3178 vestm

706 3205 801 3257 decreto
814 3211 840 3256 at
852 3204 950 3255 solertia
964 3205 1065 3256 ecclesia
1078 3211 1159 3256 nostra
1176 3221 1214 3258 re·

704 3286 784 3337 media
797 3287 906 3338 sanitatis
918 3287 1044 3352 reciperet.
1058 3289 1122 3350 Ergo
1133 3287 1215 3338 chira-

705 3368 797 3433 grapha
810 3368 908 3432 recipite
919 3385 943 3432 a,
957 3373 1005 3418 eta.

755 3450 858 3512 (iligna,
870 3463 896 3514 p.
911 3450 956 3512 ³93
969 3447 1057 3513 coleti,
1071 3461 1097 3513 p.
1111 3447 1178 3512 499.)

177 3545 203 3594 2.
220 3543 264 3593 Ha
273 3542 357 3594 Basilii
371 3542 516 3608 litterejam
529 3558 577 3595 non
590 3553 692 3612 exstant,
708 3547 750 3598 sed
762 3561 791 3597 ex
802 3555 915 3609 responso
926 3537 1060 3590 illudowici
1072 3543 1134 3588 notae
1147 3542 1213 3588 sunt.

148 3623 179 3674 V.
195 3622 337 3674 Clrooicoo
351 3623 540 3676 salernitanum
555 3626 645 3691 (Perta,
661 3627 848 3691 ss.‚t.111‚p.
864 3621 929 3686 526).

178 3703 204 3753 3.
221 3703 253 3754 V.
270 3703 414 3754 chronicon
427 3703 621 3756 salernitanum
637 3707 727 3772 (ibid).

178 3784 202 3834 l.
221 3783 253 3834 V.
276 3783 358 3834 Vitam
372 3784 510 3845 Hadriani,
534 3799 557 3834 c.
576 3797 657 3850 xxxv,
680 3799 775 3850 xxxvr,
794 3794 897 3846 xxxvlr,
914 3796 939 3846 p.
961 3782 1015 3830 2³9.
1037 3780 1065 3829 ln
1084 3779 1171 3844 quibus
1192 3778 1213 3828 si

146 3863 345 3914 animadverteris
359 3863 432 3927 hujus
447 3865 508 3914 Vite
520 3866 624 3932 scriptor
636 3882 709 3933 quam
725 3867 844 3918 subtiliter
866 3868 939 3928 atquc
960 3859 1043 3910 ordine
1064 3860 1116 3909 hec
1132 3859 1212 3910 omnia

145 3944 313 4005 persequatur,
335 3953 407 4004 quam
426 3939 488 3990 belle
511 3941 609 3992 nomina
632 3943 745 4007 locorum,
767 3952 931 4008 personarum,
952 3950 1081 4000 rerumque
1104 3940 1213 4000 tempora

145 4017 249 4078 noverit,
261 4024 335 4084 utque
343 4019 435 4081 legatos
449 4020 590 4085 apostolicos
608 4023 673 4074 omni
688 4023 758 4089 culpa
773 4021 874 4072 liberare
887 4017 988 4079 laboret,
1001 4016 1049 4065 liris
1069 4016 1171 4066 fortasse
1188 4015 1213 4065 in

146 4113 201 4149 eam
218 4099 363 4150 sententiam
376 4114 449 4163 quam
464 4114 510 4161 ego
528 4115 593 4151 nuno
606 4103 709 4168 primum
727 4102 830 4152 breviter
847 4111 962 4164 propono,
978 4095 1020 4146 sed
1034 4095 1065 4147 de
1079 4111 1127 4162 qua
1142 4111 1211 4162 spero

145 4193 186 4229 me
199 4177 269 4244 plura
282 4179 394 4244 deinceps
412 4179 540 4244 dicturum,
558 4181 622 4233 hunc
639 4181 751 4234 videlicet
765 4195 838 4231 unum
853 4193 905 4230 esee
919 4193 948 4227 ex
961 4176 991 4226 iis
1007 4176 1049 4242 qui
1063 4175 1209 4240 legationem

145 4259 213 4310 illam
227 4259 291 4309 sedis
303 4259 438 4324 apostolica
449 4260 567 4312 obierunt.

179 4343 204 4390 t.
220 4341 254 4391 V.
274 4340 358 4392 l'ttcm
368 4339 499 4392 Hadriani
509 4341 544 4406 ll,
554 4355 580 4406 p.
594 4345 649 4394 251.
