2954 5050
527 495 706 549 bearunt
734 496 846 550 vasta
1173 499 1219 550 2l'l

153 641 268 710 divino
287 638 420 710 coneilio
439 637 593 709 accidisse
609 639 727 731 dixerit
745 659 756 709 e
777 639 862 708 ellel
878 659 957 728 ergo
978 651 1074 729 nutu,
1097 640 1217 730 inquit,

152 766 264 828 aetum
274 765 323 826 est
333 764 370 823 ut
384 753 465 823 tanti
485 756 609 842 negotii
624 750 700 826 cum
713 757 774 826 loci
792 756 1027 826 servatoribus¹
1039 759 1220 846 apostolicae

152 873 241 944 sedis
255 881 288 941 et
300 871 369 959 ipse
390 871 455 938 fine
477 869 669 960 gauderem,
688 881 720 940 et
731 871 864 942 veniens
877 871 1045 940 lructuum
1059 872 1095 941 in
1112 873 1220 943 exsul-

153 989 279 1058 tatione
293 995 457 1075 portarem
471 985 689 1075 manipulos².
706 1010 724 1054 ιι

199 1105 246 1172 At
272 1123 361 1191 vero,
386 1102 596 1188 quantumvis
625 1104 701 1174 licet
725 1104 919 1174 Anastasius
939 1104 976 1173 in
1000 1107 1061 1173 hec
1089 1106 1222 1175 victoria

150 1220 332 1306 laetaretur,
350 1237 427 1286 eum
441 1226 553 1285 tamen
567 1238 634 1285 non
650 1216 782 1288 lallebat
794 1217 983 1288 Graecorum
996 1219 1222 1309 episcoporum

152 1337 460 1422 voluntatemque
471 1333 576 1421 posita
590 1342 658 1402 erat
673 1335 709 1402 in
731 1334 939 1422 imperatoris
958 1337 1133 1425 voluntate,
1156 1335 1222 1406 ira·

151 1451 256 1539 gilem
279 1470 349 1520 esse
377 1458 476 1536 atque
515 1448 685 1539 caducam,
727 1450 864 1538 fierique
898 1471 992 1538 posse
1031 1462 1069 1520 ut
1105 1451 1222 1522 deinde

152 1566 293 1636 Photius
320 1565 515 1636 eorumdem
542 1567 658 1652 plausu
687 1566 915 1636 restitueretur
945 1567 1106 1655 aquibus
1134 1589 1223 1638 nune

152 1703 278 1770 magna
311 1680 532 1772 expellebatur
566 1682 797 1752 exsecratione.
835 1681 1050 1771 Quapropter,
1084 1703 1126 1752 ne
1158 1686 1222 1752 sal·

154 1808 239 1886 tem,
267 1797 294 1867 si
321 1796 356 1866 id
378 1797 484 1886 fieret,
510 1796 629 1885 prioris
651 1797 769 1887 judicii
793 1798 952 1867 memoria
976 1807 1085 1888 posset
1108 1798 1221 1889 deleri,
1284 1851 1286 1856 .

156 1913 366 1999 Anastasius,
395 1912 475 1981 dum
510 1911 659 2001 Byzantii
685 1923 845 2003 moratur,
873 1934 1005 1984 omnem
1037 1915 1222 1984 cautionem

156 2029 303 2100 adhibet.
333 2028 414 2110 Quae
439 2045 517 2097 sane
551 2029 678 2097 astutiae
712 2049 787 2097 cuni
822 2030 952 2118 astutia,
985 2028 1222 2097 bibliothecarii

153 2144 298 2216 Romani
321 2165 399 2213 cum
416 2142 538 2214 Graeeis
558 2144 717 2234 episeopis
738 2145 885 2234 cenatio,
909 2144 1074 2232 singulare
1102 2144 1223 2233 prebet

157 2262 391 2350 spectaculum.

202 2376 349 2466 Etenim,
374 2375 515 2464 perfecto
536 2375 685 2466 eoncibo,
708 2378 794 2446 sedis
817 2377 999 2466 apostolice
1025 2377 1138 2466 legati,
1165 2377 1222 2466 qui

154 2492 270 2581 graccis
285 2492 402 2561 litteris
415 2491 535 2562 eruditi
550 2512 617 2560 uon
631 2501 724 2562 crant
734 2491 760 2582 ³,
776 2492 951 2562 Anastasio
962 2493 1045 2562 Acta
1057 2492 1224 2582 synodalia

156 2609 341 2678 detulerant
366 2607 616 2695 diligentissima
638 2608 876 2696 investiganda,
903 2628 945 2677 ne
968 2609 1002 2676 in
1026 2608 1078 2677 his
1103 2608 1224 2698 aliquid

155 2858 252 2925 scripte
271 2863 328 2908 sunt
348 2858 386 2923 (v.
405 2857 476 2921 rane,
498 2845 527 2908 n.
551 2859 624 2920 2913,
646 2857 733 2922 2944),
752 2858 867 2922 queritur
885 2857 984 2908 bocaine
1007 2864 1115 2923 tempora
1133 2862 1184 2923 jam
1205 2859 1225 2909 ir

153 2937 351 2989 bibliothecarius
369 2944 394 2989 et
416 2936 517 2987 dictator
535 2937 641 2988 officium
660 2952 730 2987 suum
750 2937 947 3002 recuperavisset.
965 2939 1017 3000 1⁴:30
1030 2953 1086 2989 varo
1102 2939 1227 3003 epistolam

156 3019 249 3070 nullam
272 3017 302 3068 ab
323 3017 450 3069 Anastmio
471 3017 609 3081 abjudicare
630 3018 722 3081 ausim,
744 3032 792 3067 nou
813 3018 892 3068 solum
910 3018 967 3083 quia
989 3018 1056 3068 illum
1078 3019 1180 3069 arbitror
1200 3021 1226 3069 iu

157 3099 288 3164 pristinam
308 3098 430 3148 loctunam
449 3097 549 3148 celerius
567 3097 674 3160 rediisse,
696 3098 737 3147 red
757 3097 910 3162 quodetiam
931 3112 1015 3148 omnes
1037 3097 1084 3149 ille
1108 3099 1224 3150 Hadriani

154 3179 243 3230 litterae
261 3184 287 3229 at
303 3178 430 3228 sententiis
447 3182 473 3227 et
489 3177 544 3227 stilo
562 3177 653 3228 similes
667 3179 729 3227 inter
747 3192 772 3226 se
790 3177 908 3228 ridentur.

187 3263 211 3310 l.
230 3260 258 3310 ld
273 3263 319 3322 est,
333 3258 428 3320 legetis.

187 3341 213 3390 2.
229 3337 353 3390 Anastasii
368 3338 490 3402 Praefatio
500 3339 525 3387 a'a
534 3337 624 3402 synod.
639 3337 702 3389 Vll!
708 3338 809 3402 (migne,
819 3344 839 3388 t.
850 3338 960 3402 CXXIX,
968 3353 994 3404 p.
1004 3339 1033 3389 ll
1042 3358 1049 3400 ι
1059 3339 1147 3402 coleti,
1159 3346 1178 3390 t.
1192 3341 1224 3405 X,

156 3433 183 3484 p.
201 3420 261 3482 4785
282 3418 312 3468 cl.
330 3432 410 3482 supra,
424 3433 448 3483 p.
460 3417 553 3481 412-3).
569 3416 640 3467 llaud
654 3417 766 3482 equidem
780 3416 848 3467 aliter
859 3417 946 3467 sentire
962 3417 1058 3468 videtur
1069 3424 1152 3468 auctor
1162 3419 1226 3472 Vite

154 3498 272 3552 Hadriani
290 3499 322 3559 ll,
343 3500 413 3561 cnjus
433 3512 462 3548 ex
485 3497 622 3548 testimonio
636 3498 776 3548 Anastasius
799 3497 1066 3563 «constaminepolim,
1086 3499 1176 3560 diuina,
1197 3505 1226 3550 att

155 3579 281 3641 creditur,
299 3577 475 3642 dispensatione
489 3582 658 3642 perseuerat»
675 3576 792 3643 (vignoli,
815 3583 835 3627 t.
853 3579 897 3642 lll,
918 3590 1021 3642 c.11.11,
1044 3595 1070 3644 p.
1091 3578 1155 3642 244).
1178 3579 1226 3630 Sed

153 3660 229 3712 velim
253 3657 486 3722 animadvertasbln
504 3658 606 3722 scriptor
633 3657 730 3722 aequalis
754 3663 872 3722 quantum
899 3659 1018 3709 anastasii
1044 3660 1227 3710 assentationem

154 3739 313 3798 affectaverit,
328 3753 384 3788 eum
399 3737 613 3802 prudentissimum
629 3736 765 3802 appellans,
784 3743 809 3788 et
826 3737 1059 3803 eloquentissimum,
1079 3745 1105 3789 et
1121 3739 1227 3789 disertis-

155 3820 255 3880 simum,
281 3823 308 3868 et
331 3816 465 3866 fidelissimi
494 3816 575 3867 auxilii
597 3817 677 3880 (ibid,
695 3832 716 3866 c.
733 3829 801 3881 xn11,
823 3830 884 3881 m,
902 3829 946 3882 nx,
968 3833 992 3884 p.
1012 3820 1067 3883 244,
1088 3820 1142 3880 ale,
1157 3820 1227 3884 254);

154 3898 224 3960 cujm
238 3896 272 3946 rei
288 3909 385 3944 oausam
397 3909 449 3944 esee
463 3895 578 3960 suspicer,
598 3894 660 3960 quod
682 3901 763 3945 auctor
777 3895 848 3959 bnjus
865 3895 935 3959 Vite,
951 3896 1008 3961 quia
1021 3895 1050 3945 ad
1069 3896 1230 3946 defendendos

157 3977 222 4028 sedis
232 3974 369 4040 apostolice
383 3974 475 4036 legatos
490 3976 561 4038 (ipse,
575 3981 602 4025 ut
613 3975 705 4040 opinor,
721 3990 783 4025 unus
800 3991 828 4026 ex
843 3976 880 4025 his
896 3974 983 4037 legatis
1000 3975 1089 4040 luerat)
1104 3978 1228 4028 dumtaslo

156 4055 269 4124 quaedam
283 4055 408 4105 detrahere
421 4055 571 4119 debuitque
583 4055 629 4105 iste
642 4055 837 4106 bibliothecarius
851 4056 961 4120 Byzantii
975 4070 1022 4105 ase
1031 4056 1093 4106 lacta
1105 4057 1230 4117 gloriosius

50 4197 53 4202 Ι
154 4135 301 4203 predicabat
320 4135 354 4200 (v.
374 4135 446 4199 inlra,
465 4150 490 4200 p.
503 4137 630 4200 249-253),
654 4136 742 4186 idcirco
760 4136 839 4197 magis
859 4135 1018 4185 necessarium
1034 4136 1101 4186 duxit
1113 4139 1229 4202 potentia-

155 4219 245 4267 simum
268 4215 339 4265 illum
360 4215 483 4265 hominem
505 4215 589 4265 multis
609 4215 719 4266 laudibus
740 4215 852 4266 delinire.
874 4216 910 4265 lta
930 4220 982 4266 erat
1001 4217 1142 4267 Anastasius
1165 4219 1229 4284 apud

156 4299 278 4366 Romanos
295 4308 384 4356 magna
397 4295 423 4344 in
437 4295 579 4346 auctoritate
592 4301 617 4346 et
629 4296 723 4346 timore.

190 4378 215 4427 3.
233 4375 266 4425 V.
279 4388 360 4441 supra,
374 4389 399 4440 p.
413 4377 498 4426 52-53.
