2954 5050
531 449 707 506 bearunt
729 451 846 504 vaula
1173 454 1219 504 233

147 597 276 672 lionam
298 602 395 682 atvue
416 594 559 682 paventis
579 593 663 668 iram
686 596 883 682 exulcerare,
898 594 932 664 id
953 594 988 668 in
1007 596 1215 674 commodum

149 709 335 792 Hludovici
350 709 554 798 imperatoris
570 729 636 777 non
648 730 765 800 parum
781 707 979 798 conferebat,
996 731 1073 784 com
1083 711 1217 787 Carolus

152 827 285 918 Calvus,
294 825 393 896 tantis
408 824 592 913 implicatus
605 825 756 914 negotiis,
772 825 932 920 direptam
944 835 1071 918 partem
1083 825 1220 902 illotha-n

151 943 239 1012 riani
261 941 354 1030 regui
380 939 520 1011 retinere
542 939 706 1015 difficilius
726 961 820 1029 posse
840 940 1017 1022 uteretur.
1039 941 1220 1018 Videamus

153 1079 236 1146 ergo
258 1077 322 1146 qua
348 1063 458 1138 urente
480 1056 674 1126 Anastasius
702 1076 737 1128 se
764 1055 801 1127 in
824 1057 909 1127 hane
939 1077 1010 1128 rem
1034 1056 1218 1151 projecerit,

152 1183 269 1242 utrum
289 1171 476 1242 animorum
492 1171 697 1245 concordiam
711 1171 896 1262 famamque
915 1172 1001 1245 sedis
1025 1175 1218 1274 apostolicae,

152 1311 197 1360 an
211 1309 308 1358 suurn
317 1288 486 1380 proprium
498 1288 708 1358 commodum
720 1289 999 1378 ambitionemque
1014 1298 1217 1377 sequeretur.

196 1403 323 1494 ltaque,
344 1403 440 1480 tertio
453 1402 528 1474 idus
550 1401 653 1474 Iulias
673 1402 752 1472 anni
770 1403 849 1492 all,
874 1403 935 1481 isto
953 1402 1219 1485 bibliothecarips

150 1529 220 1591 tres
234 1519 384 1609 epistolas
404 1517 564 1590 Hadriani
585 1539 676 1607 papa
697 1517 832 1591 nornine
845 1518 881 1597 iu
898 1517 1073 1600 Franciam
1091 1519 1217 1619 misit¹,

150 1656 247 1728 quas,
264 1644 298 1703 ut
312 1655 387 1712 mox
407 1634 581 1726 constabit,
604 1643 660 1704 aut
682 1643 859 1708 extorserat
878 1653 1040 1713 asumma
1051 1634 1217 1724 pontifico,

151 1761 211 1822 aut
223 1752 344 1849 venus,
358 1751 474 1836 eodem
486 1751 541 1820 illo
555 1771 687 1838 prorsus
701 1750 818 1838 inscio,
835 1749 1016 1827 coniecerat
1025 1747 1050 1822 ².

197 1868 245 1938 Ex
259 1867 310 1950 bis
325 1876 435 1936 autem
448 1886 516 1942 una
529 1875 599 1936 erat
613 1864 727 1936 Garolo
739 1864 836 1934 Calvo
850 1864 1036 1958 deferenda,
1052 1885 1117 1954 qua
1130 1867 1219 1936 haud

150 1985 220 2055 scio
235 2005 276 2066 au
291 1983 472 2072 quidquam
486 1981 752 2062 contumeliosius
766 1981 940 2070 ermgitari
956 1983 1110 2069 potuerit.
1132 1981 1218 2059 Nam

149 2102 347 2190 priusquam
367 2105 512 2167 curasset
530 2117 675 2185 quarere
693 2117 803 2165 annon
818 2095 1076 2178 Carolomauuus
1096 2097 1217 2188 diguus

150 2225 238 2288 esset
262 2216 321 2308 qui
347 2233 457 2296 severe
481 2221 687 2311 tractaretur,
709 2213 983 2314 causanturque
1006 2233 1073 2291 non
1093 2214 1216 2305 audita,

149 2339 255 2408 totam
274 2327 349 2410 lacti
372 2327 531 2404 invidiam
552 2328 587 2396 in
611 2337 779 2424 parentem
802 2327 920 2422 reiicit,
940 2327 1036 2406 illurn
1062 2349 1218 2411 accusans

149 2443 373 2534 quodbcstias
384 2441 512 2519 sedate
523 2444 705 2536 antecellat,
717 2442 804 2543 quod
816 2462 925 2516 mores
938 2435 1130 2516 struthionis
1143 2445 1218 2524 irni-

150 2570 254 2650 tetur,
269 2559 356 2648 quod
371 2560 516 2634 cumulet
531 2559 635 2636 scelus
651 2559 784 2648 scelere,
804 2558 938 2644 avaritia
955 2559 1180 2642 crudelitatem
1190 2559 1215 2642 ³,

197 2675 306 2765 Atque
320 2675 371 2743 his
393 2695 460 2746 noo
482 2681 667 2756 contentus,
688 2673 775 2762 ipsos
795 2695 944 2767 proceres
966 2675 1022 2763 qui
1040 2675 1101 2744 sab
1114 2695 1217 2764 regno

151 2791 262 2862 Caroli
290 2791 377 2864 Calvi
406 2799 501 2868 erant
524 2790 563 2858 ad
589 2788 660 2878 ejus
688 2791 934 2860 detrectandam
961 2791 1137 2878 imperium
1158 2812 1217 2880 per

149 2906 231 2979 alias
254 2907 378 2990 litteras
395 2903 605 2977 adhortatur⁴
626 2927 636 2973 ι
660 2903 849 2999 (rehoquim
867 2914 904 2974 ut
923 2906 993 2994 ipsa
1006 2905 1102 2980 verba
1116 2905 1215 2996 hujus

183 3117 206 3168 1.
223 3115 255 3168 V.
269 3115 363 3178 iligna,
374 3118 393 3165 t.
404 3113 502 3178 CXXII,
517 3127 557 3178 ep.
569 3114 609 3177 33,
622 3113 661 3177 al,
675 3114 714 3176 35,
730 3127 756 3177 p.
772 3115 918 3175 latr-lacu
932 3113 1002 3179 tans,
1020 3128 1045 3168 n.
1060 3116 1131 3178 tato,
1142 3117 1213 3182 eall,

149 3199 222 3248 2942.
245 3197 294 3246 Has
306 3201 387 3245 autam
399 3195 491 3245 litteras
508 3194 601 3259 primus
617 3192 693 3242 edidit
705 3192 821 3243 Baronius
836 3192 965 3258 (Annales,
976 3210 999 3245 a.
1014 3196 1070 3256 873,
1085 3211 1109 3246 n.
1126 3207 1214 3247 xxvll·

148 3276 238 3339 χχιιι)
255 3281 363 3340 sumptas
379 3291 430 3325 <rex
446 3274 535 3339 scripto
550 3272 630 3324 audire
646 3277 793 3338 pervetusto,
812 3287 884 3342 quem
898 3288 913 3322 a
931 3277 959 3334 P,
975 3275 1146 3342 christophoro
1160 3277 1217 3326 Bro-

148 3358 227 3420 verio,
239 3356 366 3408 Societatis
379 3357 437 3406 lesu
448 3355 613 3420 professore»,
626 3359 751 3418 acceperat
764 3353 799 3418 (v.
813 3353 935 3418 Annales,
950 3369 972 3420 a.
986 3350 1042 3426 862,
1054 3371 1077 3411 ιι.
1091 3356 1168 3421 xxu).

182 3439 208 3487 2.
225 3437 257 3486 V.
271 3435 341 3500 infra,
352 3451 379 3501 p.
391 3437 446 3486 269.

182 3519 207 3566 3.
226 3517 315 3566 alntsr
336 3520 417 3566 cetera
445 3529 584 3566 excessuum
606 3518 712 3578 tuorum,
736 3512 825 3580 quibus
847 3512 925 3566 allana
944 3514 1080 3592 usurpando
1101 3515 1216 3576 invasisse

148 3594 290 3668 credideris,
305 3594 364 3644 illud
379 3609 474 3664 quoqne
486 3593 639 3644 nihiIominns
651 3593 773 3658 objicitur,
788 3593 850 3658 quod
865 3594 939 3644 etiam
952 3594 1082 3650 bestiarum
1096 3597 1218 3663 feritatem

148 3673 278 3746 excedens,
289 3681 371 3724 contra
382 3674 478 3740 propria
489 3674 588 3736 viscora,
605 3673 629 3723 id
645 3681 691 3736 est,
709 3679 791 3722 contra
805 3673 1003 3724 carolomannum
1013 3676 1122 3736 genitum
1137 3681 1217 3756 tuum,

148 3757 235 3807 saerire
247 3755 347 3805 minime
364 3755 468 3811 verearis
483 3768 490 3804 ε
506 3754 539 3803 ita
558 3760 586 3804 ut
605 3769 671 3804 mors
692 3754 842 3826 struthionis,
864 3755 927 3819 qnod
948 3769 977 3812 ex
1003 3754 1063 3816 libra
1085 3756 1150 3812 beati
1171 3757 1217 3821 Iup

148 3836 273 3896 discimus,
295 3834 449 3892 obduraveris
467 3834 498 3884 ad
514 3834 591 3883 fllium
607 3840 686 3898 tuum,
700 3835 768 3898 qnasi
783 3849 831 3884 non
845 3835 878 3884 sit
892 3844 973 3885 tuus...
993 3811 1056 3897 h'rgo
1077 3850 1107 3884 ne
1119 3835 1218 3902 adjicite

147 3922 275 3983 peccatum
285 3927 357 3983 super
370 3921 506 3992 peccatum,
519 3914 561 3964 sed
571 3921 596 3964 et
605 3914 634 3964 de
647 3913 755 3988 pristinis
769 3915 898 3964 invasionis
911 3921 936 3964 et
945 3913 1050 3977 avaritias
1058 3915 1216 3980 pravitatibus

148 3997 313 4060 deprecatus
342 3993 457 4062 Hadriani
477 3995 499 4044 ll
522 3993 606 4058 Epist.
621 3989 658 4044 ad
676 3993 798 4044 Gordium
820 3993 931 4044 Calvum
948 3994 1050 4073 (iligna,
1072 4001 1091 4044 t.
1118 3996 1216 4076 CXXII,

147 4075 268 4143 p-l30'l).

182 4159 205 4208 l.
225 4157 332 4215 Quarum
356 4155 401 4205 hoc
424 4161 462 4214 est
481 4153 625 4205 exordium:
644 4153 765 4205 «auditui
780 4157 862 4204 nostro
874 4151 953 4204 sonuit
966 4151 1031 4216 quod
1048 4153 1147 4212 Carolus
1168 4171 1218 4222 rex,

149 4237 225 4288 etiam
240 4235 375 4285 belluarum
388 4235 495 4286 furorem
511 4236 692 4299 transcendens,
703 4237 785 4284 contra
801 4233 1033 4308 propriagvisccrao,
1049 4240 1096 4286 etc.
1114 4236 1217 4316 (beligne,

149 4325 170 4368 t.
186 4317 283 4378 CXXII,
299 4330 325 4380 p.
336 4315 415 4374 raca).
