<?xml version="1.0" encoding="UTF-8"?>
<!DOCTYPE html PUBLIC "-//W3C//DTD XHTML 1.0 Transitional//EN"
    "http://www.w3.org/TR/xhtml1/DTD/xhtml1-transitional.dtd">
<html xmlns="http://www.w3.org/1999/xhtml" xml:lang="en" lang="en">
 <head>
  <title>
</title>
<meta http-equiv="Content-Type" content="text/html;charset=utf-8" />
  <meta name='ocr-system' content='tesseract 3.04.00' />
  <meta name='ocr-capabilities' content='ocr_page ocr_carea ocr_par ocr_line ocrx_word'/>
</head>
<body>
  <div class='ocr_page' id='page_1' title='image "./deanastasiobibl00lapgoog_0137.png"; bbox 0 0 3006 5050; ppageno 0'>
   <div class='ocr_carea' id='block_1_1' title="bbox 251 439 1119 494">
    <p class='ocr_par' dir='ltr' id='par_1_1' title="bbox 251 439 1119 494">
     <span class='ocr_line' id='line_1_1' title="bbox 251 439 1119 494; baseline -0.007 0"><span class='ocrx_word' id='word_1_1' title='bbox 251 443 296 494; x_wconf 65' lang='lat'><strong>¹24</strong></span> <span class='ocrx_word' id='word_1_2' title='bbox 455 439 693 492; x_wconf 74' lang='lat' dir='ltr'><strong>snssrsstus</strong></span> <span class='ocrx_word' id='word_1_3' title='bbox 713 439 872 490; x_wconf 76' lang='lat' dir='ltr'><strong>lllCOLdl</strong></span> <span class='ocrx_word' id='word_1_4' title='bbox 895 441 908 488; x_wconf 93' lang='lat' dir='ltr'><strong>l</strong></span> <span class='ocrx_word' id='word_1_5' title='bbox 930 440 1119 490; x_wconf 74' lang='lat' dir='ltr'><strong>ntrrenss</strong></span> 
     </span>
    </p>
   </div>
   <div class='ocr_carea' id='block_1_2' title="bbox 249 583 1333 3212">
    <p class='ocr_par' dir='ltr' id='par_1_2' title="bbox 249 583 1327 898">
     <span class='ocr_line' id='line_1_2' title="bbox 249 583 1327 671; baseline -0.002 -19"><span class='ocrx_word' id='word_1_6' title='bbox 249 583 333 652; x_wconf 83' lang='lat' dir='ltr'><strong>nihil</strong></span> <span class='ocrx_word' id='word_1_7' title='bbox 346 585 410 652; x_wconf 87' lang='lat' dir='ltr'><strong>tale</strong></span> <span class='ocrx_word' id='word_1_8' title='bbox 422 585 460 652; x_wconf 93' lang='lat' dir='ltr'><strong>in</strong></span> <span class='ocrx_word' id='word_1_9' title='bbox 478 584 613 670; x_wconf 91' lang='lat' dir='ltr'><strong>reliquis</strong></span> <span class='ocrx_word' id='word_1_10' title='bbox 639 584 783 671; x_wconf 85' lang='lat' dir='ltr'><strong>epistolis</strong></span> <span class='ocrx_word' id='word_1_11' title='bbox 805 584 1010 670; x_wconf 79' lang='lat' dir='ltr'><strong>inveniatur,</strong></span> <span class='ocrx_word' id='word_1_12' title='bbox 1034 589 1237 669; x_wconf 86' lang='lat' dir='ltr'><strong>argumento</strong></span> <span class='ocrx_word' id='word_1_13' title='bbox 1255 601 1327 650; x_wconf 85' lang='lat' dir='ltr'><strong>esse</strong></span> 
     </span>
     <span class='ocr_line' id='line_1_3' title="bbox 249 696 1326 786; baseline 0 -22"><span class='ocrx_word' id='word_1_14' title='bbox 249 699 412 785; x_wconf 79' lang='lat' dir='ltr'>probabili</span> <span class='ocrx_word' id='word_1_15' title='bbox 424 707 532 785; x_wconf 87' lang='lat' dir='ltr'><strong>potest</strong></span> <span class='ocrx_word' id='word_1_16' title='bbox 541 699 618 764; x_wconf 89' lang='lat' dir='ltr'><strong>huic</strong></span> <span class='ocrx_word' id='word_1_17' title='bbox 628 698 779 786; x_wconf 79' lang='lat' dir='ltr'><strong>scriptori</strong></span> <span class='ocrx_word' id='word_1_18' title='bbox 788 699 958 784; x_wconf 84' lang='lat' dir='ltr'><strong>pontificio</strong></span> <span class='ocrx_word' id='word_1_19' title='bbox 971 717 1098 766; x_wconf 83' lang='lat' dir='ltr'><strong>novum</strong></span> <span class='ocrx_word' id='word_1_20' title='bbox 1107 696 1192 764; x_wconf 91' lang='lat' dir='ltr'><strong>illud</strong></span> <span class='ocrx_word' id='word_1_21' title='bbox 1201 717 1326 764; x_wconf 90' lang='lat' dir='ltr'><strong>munus</strong></span> 
     </span>
     <span class='ocr_line' id='line_1_4' title="bbox 250 811 825 898; baseline 0 -19"><span class='ocrx_word' id='word_1_22' title='bbox 250 811 352 880; x_wconf 82' lang='lat' dir='ltr'><strong>luisse</strong></span> <span class='ocrx_word' id='word_1_23' title='bbox 365 813 637 898; x_wconf 73' lang='lat' dir='ltr'><strong>aupueconsciem</strong></span> <span class='ocrx_word' id='word_1_24' title='bbox 647 813 825 880; x_wconf 85' lang='lat' dir='ltr'><strong>inscitiam.</strong></span> 
     </span>
    </p>

    <p class='ocr_par' dir='ltr' id='par_1_3' title="bbox 252 924 1333 3212">
     <span class='ocr_line' id='line_1_5' title="bbox 296 924 1327 1014; baseline 0.002 -20"><span class='ocrx_word' id='word_1_25' title='bbox 296 924 363 994; x_wconf 91' lang='lat' dir='ltr'><strong>Sed</strong></span> <span class='ocrx_word' id='word_1_26' title='bbox 378 927 451 996; x_wconf 77' lang='lat' dir='ltr'><strong>vide</strong></span> <span class='ocrx_word' id='word_1_27' title='bbox 471 938 510 995; x_wconf 92' lang='lat' dir='ltr'><strong>ut</strong></span> <span class='ocrx_word' id='word_1_28' title='bbox 526 948 566 996; x_wconf 92' lang='lat' dir='ltr'><strong>ex</strong></span> <span class='ocrx_word' id='word_1_29' title='bbox 582 930 643 995; x_wconf 87' lang='lat' dir='ltr'><strong>hac</strong></span> <span class='ocrx_word' id='word_1_30' title='bbox 656 929 757 994; x_wconf 83' lang='lat' dir='ltr'><strong>etiam</strong></span> <span class='ocrx_word' id='word_1_31' title='bbox 768 927 928 1014; x_wconf 92' lang='lat' dir='ltr'><strong>opinione</strong></span> <span class='ocrx_word' id='word_1_32' title='bbox 938 927 1054 995; x_wconf 85' lang='lat' dir='ltr'><strong>omnia</strong></span> <span class='ocrx_word' id='word_1_33' title='bbox 1067 928 1158 996; x_wconf 86' lang='lat' dir='ltr'><strong>iuter</strong></span> <span class='ocrx_word' id='word_1_34' title='bbox 1170 948 1208 996; x_wconf 85' lang='lat' dir='ltr'><strong>se</strong></span> <span class='ocrx_word' id='word_1_35' title='bbox 1220 930 1327 996; x_wconf 77' lang='lat' dir='ltr'><strong>cohe-</strong></span> 
     </span>
     <span class='ocr_line' id='line_1_6' title="bbox 252 1041 1326 1130; baseline 0.002 -20"><span class='ocrx_word' id='word_1_36' title='bbox 252 1043 366 1110; x_wconf 83' lang='lat' dir='ltr'><strong>reeutl</strong></span> <span class='ocrx_word' id='word_1_37' title='bbox 403 1042 489 1110; x_wconf 86' lang='lat' dir='ltr'><strong>Cum</strong></span> <span class='ocrx_word' id='word_1_38' title='bbox 516 1044 553 1110; x_wconf 91' lang='lat' dir='ltr'><strong>in</strong></span> <span class='ocrx_word' id='word_1_39' title='bbox 580 1043 652 1110; x_wconf 83' lang='lat' dir='ltr'><strong>aliis</strong></span> <span class='ocrx_word' id='word_1_40' title='bbox 681 1041 806 1110; x_wconf 84' lang='lat' dir='ltr'><strong>Nicolai</strong></span> <span class='ocrx_word' id='word_1_41' title='bbox 837 1043 985 1128; x_wconf 80' lang='lat' dir='ltr'><strong>epistolis</strong></span> <span class='ocrx_word' id='word_1_42' title='bbox 1017 1065 1102 1130; x_wconf 86' lang='lat' dir='ltr'><strong>quas</strong></span> <span class='ocrx_word' id='word_1_43' title='bbox 1129 1044 1326 1112; x_wconf 78' lang='lat' dir='ltr'><strong>Anastasius</strong></span> 
     </span>
     <span class='ocr_line' id='line_1_7' title="bbox 252 1157 1327 1246; baseline 0.002 -22"><span class='ocrx_word' id='word_1_44' title='bbox 252 1157 351 1246; x_wconf 90' lang='lat' dir='ltr'><strong>paulo</strong></span> <span class='ocrx_word' id='word_1_45' title='bbox 384 1169 460 1225; x_wconf 89' lang='lat' dir='ltr'><strong>ante</strong></span> <span class='ocrx_word' id='word_1_46' title='bbox 491 1157 596 1244; x_wconf 87' lang='lat' dir='ltr'><strong>deque</strong></span> <span class='ocrx_word' id='word_1_47' title='bbox 623 1157 739 1224; x_wconf 88' lang='lat' dir='ltr'><strong>eadem</strong></span> <span class='ocrx_word' id='word_1_48' title='bbox 767 1177 804 1224; x_wconf 90' lang='lat' dir='ltr'><strong>re</strong></span> <span class='ocrx_word' id='word_1_49' title='bbox 836 1159 1013 1245; x_wconf 82' lang='lat' dir='ltr'><strong>scripserat</strong></span> <span class='ocrx_word' id='word_1_50' title='bbox 1043 1158 1160 1226; x_wconf 89' lang='lat' dir='ltr'><strong>multis</strong></span> <span class='ocrx_word' id='word_1_51' title='bbox 1188 1179 1327 1226; x_wconf 83' lang='lat' dir='ltr'><strong>exorne-</strong></span> 
     </span>
     <span class='ocr_line' id='line_1_8' title="bbox 254 1273 1324 1362; baseline 0.001 -21"><span class='ocrx_word' id='word_1_52' title='bbox 254 1283 346 1341; x_wconf 89' lang='lat' dir='ltr'><strong>retur</strong></span> <span class='ocrx_word' id='word_1_53' title='bbox 379 1273 532 1342; x_wconf 78' lang='lat' dir='ltr'><strong>laudibus</strong></span> <span class='ocrx_word' id='word_1_54' title='bbox 569 1274 735 1341; x_wconf 77' lang='lat' dir='ltr'><strong>Auestnsii</strong></span> <span class='ocrx_word' id='word_1_55' title='bbox 774 1283 881 1362; x_wconf 78' lang='lat' dir='ltr'><strong>puter,</strong></span> <span class='ocrx_word' id='word_1_56' title='bbox 920 1275 1085 1342; x_wconf 84' lang='lat' dir='ltr'><strong>Arsenius</strong></span> <span class='ocrx_word' id='word_1_57' title='bbox 1112 1274 1289 1342; x_wconf 85' lang='lat' dir='ltr'><strong>Hortensis</strong></span> <span class='ocrx_word' id='word_1_58' title='bbox 1301 1275 1324 1360; x_wconf 93' lang='lat'><strong>¹,</strong></span> 
     </span>
     <span class='ocr_line' id='line_1_9' title="bbox 254 1388 1326 1478; baseline 0.002 -23"><span class='ocrx_word' id='word_1_59' title='bbox 254 1399 404 1478; x_wconf 82' lang='lat' dir='ltr'><strong>essetque</strong></span> <span class='ocrx_word' id='word_1_60' title='bbox 426 1389 461 1455; x_wconf 91' lang='lat' dir='ltr'><strong>in</strong></span> <span class='ocrx_word' id='word_1_61' title='bbox 491 1391 538 1456; x_wconf 84' lang='lat' dir='ltr'><strong>eis</strong></span> <span class='ocrx_word' id='word_1_62' title='bbox 563 1388 759 1456; x_wconf 88' lang='lat' dir='ltr'><strong>mandatum</strong></span> <span class='ocrx_word' id='word_1_63' title='bbox 791 1390 909 1458; x_wconf 90' lang='lat' dir='ltr'><strong>Garolo</strong></span> <span class='ocrx_word' id='word_1_64' title='bbox 943 1389 1043 1458; x_wconf 86' lang='lat' dir='ltr'><strong>Calvo</strong></span> <span class='ocrx_word' id='word_1_65' title='bbox 1062 1399 1102 1456; x_wconf 88' lang='lat' dir='ltr'><strong>ut</strong></span> <span class='ocrx_word' id='word_1_66' title='bbox 1124 1410 1195 1456; x_wconf 88' lang='lat' dir='ltr'><strong>non</strong></span> <span class='ocrx_word' id='word_1_67' title='bbox 1220 1390 1326 1457; x_wconf 91' lang='lat' dir='ltr'><strong>solum</strong></span> 
     </span>
     <span class='ocr_line' id='line_1_10' title="bbox 255 1503 1325 1597; baseline 0.004 -27"><span class='ocrx_word' id='word_1_68' title='bbox 255 1503 379 1572; x_wconf 76' lang='lat' dir='ltr'><strong>litteras</strong></span> <span class='ocrx_word' id='word_1_69' title='bbox 406 1504 595 1591; x_wconf 82' lang='lat' dir='ltr'><strong>apostolicas</strong></span> <span class='ocrx_word' id='word_1_70' title='bbox 626 1504 668 1570; x_wconf 79' lang='lat' dir='ltr'><strong>ab</strong></span> <span class='ocrx_word' id='word_1_71' title='bbox 700 1505 846 1572; x_wconf 81' lang='lat' dir='ltr'><strong>Arsenio</strong></span> <span class='ocrx_word' id='word_1_72' title='bbox 871 1507 955 1574; x_wconf 79' lang='lat' dir='ltr'><strong>latas</strong></span> <span class='ocrx_word' id='word_1_73' title='bbox 982 1508 1127 1576; x_wconf 87' lang='lat' dir='ltr'><strong>libenter</strong></span> <span class='ocrx_word' id='word_1_74' title='bbox 1152 1509 1325 1597; x_wconf 85' lang='lat' dir='ltr'><strong>acciperet,</strong></span> 
     </span>
     <span class='ocr_line' id='line_1_11' title="bbox 255 1618 1326 1709; baseline 0.004 -23"><span class='ocrx_word' id='word_1_75' title='bbox 255 1618 447 1708; x_wconf 88' lang='lat' dir='ltr'><strong>sedetiam,</strong></span> <span class='ocrx_word' id='word_1_76' title='bbox 482 1639 696 1707; x_wconf 75' lang='lat' dir='ltr'><strong>quecumque</strong></span> <span class='ocrx_word' id='word_1_77' title='bbox 720 1619 749 1686; x_wconf 91' lang='lat' dir='ltr'><strong>is</strong></span> <span class='ocrx_word' id='word_1_78' title='bbox 776 1620 949 1707; x_wconf 87' lang='lat' dir='ltr'><strong>episcopus</strong></span> <span class='ocrx_word' id='word_1_79' title='bbox 976 1622 1050 1690; x_wconf 79' lang='lat' dir='ltr'><strong>riva</strong></span> <span class='ocrx_word' id='word_1_80' title='bbox 1074 1642 1154 1690; x_wconf 89' lang='lat' dir='ltr'><strong>voce</strong></span> <span class='ocrx_word' id='word_1_81' title='bbox 1179 1624 1326 1709; x_wconf 87' lang='lat' dir='ltr'><strong>loquere·</strong></span> 
     </span>
     <span class='ocr_line' id='line_1_12' title="bbox 256 1733 1327 1824; baseline 0.001 -24"><span class='ocrx_word' id='word_1_82' title='bbox 256 1743 324 1821; x_wconf 90' lang='lat' dir='ltr'><strong>tur,</strong></span> <span class='ocrx_word' id='word_1_83' title='bbox 334 1734 538 1803; x_wconf 88' lang='lat' dir='ltr'><strong>iisomnibus</strong></span> <span class='ocrx_word' id='word_1_84' title='bbox 552 1733 765 1802; x_wconf 85' lang='lat' dir='ltr'><strong>assentiretur</strong></span> <span class='ocrx_word' id='word_1_85' title='bbox 778 1744 891 1803; x_wconf 91' lang='lat' dir='ltr'><strong>mente</strong></span> <span class='ocrx_word' id='word_1_86' title='bbox 903 1735 1038 1803; x_wconf 87' lang='lat' dir='ltr'><strong>credula</strong></span> <span class='ocrx_word' id='word_1_87' title='bbox 1057 1738 1327 1824; x_wconf 83' lang='lat' dir='ltr'><strong>nullaqueinter-</strong></span> 
     </span>
     <span class='ocr_line' id='line_1_13' title="bbox 256 1846 1327 1939; baseline 0.004 -23"><span class='ocrx_word' id='word_1_88' title='bbox 256 1849 361 1937; x_wconf 83' lang='lat' dir='ltr'><strong>posita</strong></span> <span class='ocrx_word' id='word_1_89' title='bbox 399 1846 639 1936; x_wconf 85' lang='lat' dir='ltr'><strong>dubitatione¹‚</strong></span> <span class='ocrx_word' id='word_1_90' title='bbox 669 1850 706 1916; x_wconf 94' lang='lat' dir='ltr'><strong>in</strong></span> <span class='ocrx_word' id='word_1_91' title='bbox 733 1851 795 1918; x_wconf 90' lang='lat' dir='ltr'><strong>hac</strong></span> <span class='ocrx_word' id='word_1_92' title='bbox 820 1852 957 1938; x_wconf 84' lang='lat' dir='ltr'><strong>epistole</strong></span> <span class='ocrx_word' id='word_1_93' title='bbox 997 1850 1093 1939; x_wconf 88' lang='lat' dir='ltr'><strong>cujus</strong></span> <span class='ocrx_word' id='word_1_94' title='bbox 1130 1854 1327 1921; x_wconf 82' lang='lat' dir='ltr'><strong>Anastasius</strong></span> 
     </span>
     <span class='ocr_line' id='line_1_14' title="bbox 259 1964 1330 2055; baseline 0.004 -25"><span class='ocrx_word' id='word_1_95' title='bbox 259 1985 326 2032; x_wconf 92' lang='lat' dir='ltr'><strong>uon</strong></span> <span class='ocrx_word' id='word_1_96' title='bbox 340 1977 425 2035; x_wconf 85' lang='lat' dir='ltr'><strong>esset</strong></span> <span class='ocrx_word' id='word_1_97' title='bbox 444 1967 593 2055; x_wconf 90' lang='lat' dir='ltr'><strong>scriptor,</strong></span> <span class='ocrx_word' id='word_1_98' title='bbox 604 1964 743 2053; x_wconf 88' lang='lat' dir='ltr'><strong>jubetur</strong></span> <span class='ocrx_word' id='word_1_99' title='bbox 763 1966 853 2033; x_wconf 90' lang='lat' dir='ltr'><strong>idem</strong></span> <span class='ocrx_word' id='word_1_100' title='bbox 871 1987 928 2034; x_wconf 88' lang='lat' dir='ltr'><strong>rex</strong></span> <span class='ocrx_word' id='word_1_101' title='bbox 942 1988 1056 2035; x_wconf 86' lang='lat' dir='ltr'><strong>cavere</strong></span> <span class='ocrx_word' id='word_1_102' title='bbox 1071 1968 1153 2055; x_wconf 90' lang='lat' dir='ltr'><strong>quid</strong></span> <span class='ocrx_word' id='word_1_103' title='bbox 1171 1967 1257 2035; x_wconf 85' lang='lat' dir='ltr'><strong>leret</strong></span> <span class='ocrx_word' id='word_1_104' title='bbox 1274 1976 1330 2034; x_wconf 88' lang='lat' dir='ltr'><strong>aut</strong></span> 
     </span>
     <span class='ocr_line' id='line_1_15' title="bbox 258 2079 1330 2170; baseline 0.004 -24"><span class='ocrx_word' id='word_1_105' title='bbox 258 2079 345 2148; x_wconf 81' lang='lat' dir='ltr'><strong>diost</strong></span> <span class='ocrx_word' id='word_1_106' title='bbox 362 2082 539 2170; x_wconf 84' lang='lat' dir='ltr'><strong>Arseuins;</strong></span> <span class='ocrx_word' id='word_1_107' title='bbox 556 2102 575 2148; x_wconf 85' lang='lat' dir='ltr'><strong>e</strong></span> <span class='ocrx_word' id='word_1_108' title='bbox 591 2102 656 2168; x_wconf 90' lang='lat' dir='ltr'><strong>qno</strong></span> <span class='ocrx_word' id='word_1_109' title='bbox 671 2102 713 2148; x_wconf 92' lang='lat' dir='ltr'><strong>ne</strong></span> <span class='ocrx_word' id='word_1_110' title='bbox 727 2081 801 2166; x_wconf 90' lang='lat' dir='ltr'><strong>quis</strong></span> <span class='ocrx_word' id='word_1_111' title='bbox 814 2082 1033 2168; x_wconf 86' lang='lat' dir='ltr'><strong>deciperetur,</strong></span> <span class='ocrx_word' id='word_1_112' title='bbox 1057 2082 1191 2150; x_wconf 90' lang='lat' dir='ltr'><strong>illarum</strong></span> <span class='ocrx_word' id='word_1_113' title='bbox 1211 2084 1330 2170; x_wconf 87' lang='lat' dir='ltr'><strong>episto·</strong></span> 
     </span>
     <span class='ocr_line' id='line_1_16' title="bbox 260 2195 1329 2285; baseline 0.002 -23"><span class='ocrx_word' id='word_1_114' title='bbox 260 2196 368 2264; x_wconf 88' lang='lat' dir='ltr'><strong>larum</strong></span> <span class='ocrx_word' id='word_1_115' title='bbox 388 2219 469 2285; x_wconf 89' lang='lat' dir='ltr'><strong>quas</strong></span> <span class='ocrx_word' id='word_1_116' title='bbox 487 2197 611 2265; x_wconf 86' lang='lat' dir='ltr'><strong>ferebat</strong></span> <span class='ocrx_word' id='word_1_117' title='bbox 625 2197 670 2262; x_wconf 93' lang='lat' dir='ltr'><strong>in·</strong></span> <span class='ocrx_word' id='word_1_118' title='bbox 685 2195 819 2283; x_wconf 82' lang='lat' dir='ltr'><strong>Gellius,</strong></span> <span class='ocrx_word' id='word_1_119' title='bbox 841 2199 983 2265; x_wconf 75' lang='lat' dir='ltr'><strong>alterum</strong></span> <span class='ocrx_word' id='word_1_120' title='bbox 995 2199 1163 2285; x_wconf 88' lang='lat' dir='ltr'><strong>exemplar</strong></span> <span class='ocrx_word' id='word_1_121' title='bbox 1177 2217 1329 2265; x_wconf 91' lang='lat' dir='ltr'><strong>summus</strong></span> 
     </span>
     <span class='ocr_line' id='line_1_17' title="bbox 262 2311 1329 2400; baseline 0.004 -22"><span class='ocrx_word' id='word_1_122' title='bbox 262 2311 403 2396; x_wconf 83' lang='lat' dir='ltr'><strong>pontifex</strong></span> <span class='ocrx_word' id='word_1_123' title='bbox 423 2313 538 2378; x_wconf 84' lang='lat' dir='ltr'><strong>Cerolo</strong></span> <span class='ocrx_word' id='word_1_124' title='bbox 558 2311 814 2398; x_wconf 86' lang='lat' dir='ltr'><strong>Hludowicoque</strong></span> <span class='ocrx_word' id='word_1_125' title='bbox 838 2313 974 2397; x_wconf 86' lang='lat' dir='ltr'><strong>regibus</strong></span> <span class='ocrx_word' id='word_1_126' title='bbox 994 2312 1110 2400; x_wconf 86' lang='lat' dir='ltr'><strong>mittit,</strong></span> <span class='ocrx_word' id='word_1_127' title='bbox 1132 2333 1254 2399; x_wconf 82' lang='lat' dir='ltr'><strong>rogans</strong></span> <span class='ocrx_word' id='word_1_128' title='bbox 1276 2333 1329 2381; x_wconf 89' lang='lat' dir='ltr'><strong>eos</strong></span> 
     </span>
     <span class='ocr_line' id='line_1_18' title="bbox 261 2425 1328 2517; baseline 0.005 -27"><span class='ocrx_word' id='word_1_129' title='bbox 261 2433 311 2508; x_wconf 87' lang='lat' dir='ltr'><strong>ut,</strong></span> <span class='ocrx_word' id='word_1_130' title='bbox 333 2425 361 2492; x_wconf 89' lang='lat' dir='ltr'><strong>si</strong></span> <span class='ocrx_word' id='word_1_131' title='bbox 381 2445 454 2511; x_wconf 86' lang='lat' dir='ltr'><strong>quae</strong></span> <span class='ocrx_word' id='word_1_132' title='bbox 480 2426 637 2492; x_wconf 89' lang='lat' dir='ltr'><strong>darentur</strong></span> <span class='ocrx_word' id='word_1_133' title='bbox 660 2427 707 2494; x_wconf 88' lang='lat' dir='ltr'><strong>eis</strong></span> <span class='ocrx_word' id='word_1_134' title='bbox 732 2428 919 2495; x_wconf 85' lang='lat' dir='ltr'><strong>edultemtae</strong></span> <span class='ocrx_word' id='word_1_135' title='bbox 943 2428 1071 2513; x_wconf 84' lang='lat' dir='ltr'><strong>litterae,</strong></span> <span class='ocrx_word' id='word_1_136' title='bbox 1096 2429 1241 2495; x_wconf 83' lang='lat' dir='ltr'><strong>Arsenio</strong></span> <span class='ocrx_word' id='word_1_137' title='bbox 1259 2427 1328 2517; x_wconf 87' lang='lat' dir='ltr'><strong>jam</strong></span> 
     </span>
     <span class='ocr_line' id='line_1_19' title="bbox 263 2543 1330 2629; baseline 0.002 -21"><span class='ocrx_word' id='word_1_138' title='bbox 263 2561 330 2608; x_wconf 92' lang='lat' dir='ltr'><strong>non</strong></span> <span class='ocrx_word' id='word_1_139' title='bbox 350 2543 539 2629; x_wconf 86' lang='lat' dir='ltr'><strong>crederent,</strong></span> <span class='ocrx_word' id='word_1_140' title='bbox 554 2543 618 2610; x_wconf 91' lang='lat' dir='ltr'><strong>nisi</strong></span> <span class='ocrx_word' id='word_1_141' title='bbox 633 2543 760 2612; x_wconf 87' lang='lat' dir='ltr'><strong>duabus</strong></span> <span class='ocrx_word' id='word_1_142' title='bbox 784 2545 819 2610; x_wconf 88' lang='lat' dir='ltr'><strong>in</strong></span> <span class='ocrx_word' id='word_1_143' title='bbox 835 2543 954 2629; x_wconf 87' lang='lat' dir='ltr'><strong>causis,</strong></span> <span class='ocrx_word' id='word_1_144' title='bbox 971 2544 1111 2612; x_wconf 89' lang='lat' dir='ltr'><strong>Rothadi</strong></span> <span class='ocrx_word' id='word_1_145' title='bbox 1127 2543 1278 2612; x_wconf 87' lang='lat' dir='ltr'><strong>videlicet</strong></span> <span class='ocrx_word' id='word_1_146' title='bbox 1299 2553 1330 2612; x_wconf 90' lang='lat' dir='ltr'><strong>et</strong></span> 
     </span>
     <span class='ocr_line' id='line_1_20' title="bbox 262 2657 1331 2746; baseline 0 -21"><span class='ocrx_word' id='word_1_147' title='bbox 262 2657 413 2727; x_wconf 81' lang='lat' dir='ltr'><strong>Alhuini.</strong></span> <span class='ocrx_word' id='word_1_148' title='bbox 440 2659 564 2746; x_wconf 84' lang='lat' dir='ltr'><strong>«Ecce,</strong></span> <span class='ocrx_word' id='word_1_149' title='bbox 585 2658 694 2745; x_wconf 88' lang='lat' dir='ltr'><strong>inquit</strong></span> <span class='ocrx_word' id='word_1_150' title='bbox 715 2658 917 2746; x_wconf 71' lang='lat' dir='ltr'><strong>scriptorille</strong></span> <span class='ocrx_word' id='word_1_151' title='bbox 931 2659 1139 2746; x_wconf 60' lang='lat' dir='ltr'><strong>pontificalis</strong></span> <span class='ocrx_word' id='word_1_152' title='bbox 1153 2659 1331 2726; x_wconf 82' lang='lat' dir='ltr'><strong>Arseuium</strong></span> 
     </span>
     <span class='ocr_line' id='line_1_21' title="bbox 264 2772 1329 2866; baseline -0.002 -24"><span class='ocrx_word' id='word_1_153' title='bbox 264 2775 481 2843; x_wconf 82' lang='lat' dir='ltr'><strong>venerabilem</strong></span> <span class='ocrx_word' id='word_1_154' title='bbox 503 2774 693 2866; x_wconf 84' lang='lat' dir='ltr'><strong>episcopum</strong></span> <span class='ocrx_word' id='word_1_155' title='bbox 713 2772 761 2840; x_wconf 84' lang='lat' dir='ltr'><strong>od</strong></span> <span class='ocrx_word' id='word_1_156' title='bbox 778 2773 840 2842; x_wconf 76' lang='lat' dir='ltr'><strong>doc</strong></span> <span class='ocrx_word' id='word_1_157' title='bbox 858 2773 1026 2841; x_wconf 65' lang='lat' dir='ltr'><strong>vodonem</strong></span> <span class='ocrx_word' id='word_1_158' title='bbox 1040 2773 1329 2865; x_wconf 84' lang='lat' dir='ltr'><strong>pertractandum,</strong></span> 
     </span>
     <span class='ocr_line' id='line_1_22' title="bbox 265 2887 1332 2980; baseline -0.004 -21"><span class='ocrx_word' id='word_1_159' title='bbox 265 2902 296 2960; x_wconf 86' lang='lat' dir='ltr'><strong>et</strong></span> <span class='ocrx_word' id='word_1_160' title='bbox 319 2891 556 2958; x_wconf 81' lang='lat' dir='ltr'><strong>monitionibus</strong></span> <span class='ocrx_word' id='word_1_161' title='bbox 583 2887 829 2978; x_wconf 67' lang='lat' dir='ltr'><strong>corripendum,</strong></span> <span class='ocrx_word' id='word_1_162' title='bbox 859 2912 935 2956; x_wconf 86' lang='lat' dir='ltr'><strong>cum</strong></span> <span class='ocrx_word' id='word_1_163' title='bbox 971 2889 1161 2980; x_wconf 82' lang='lat' dir='ltr'><strong>apostolicis</strong></span> <span class='ocrx_word' id='word_1_164' title='bbox 1188 2889 1332 2980; x_wconf 80' lang='lat' dir='ltr'><strong>epistolis</strong></span> 
     </span>
     <span class='ocr_line' id='line_1_23' title="bbox 265 3004 1333 3096; baseline -0.003 -22"><span class='ocrx_word' id='word_1_165' title='bbox 265 3005 345 3074; x_wconf 89' lang='lat' dir='ltr'><strong>illuc</strong></span> <span class='ocrx_word' id='word_1_166' title='bbox 367 3005 615 3074; x_wconf 82' lang='lat' dir='ltr'><strong>destinavimus.</strong></span> <span class='ocrx_word' id='word_1_167' title='bbox 646 3007 797 3087; x_wconf 79' lang='lat' dir='ltr'><strong>Quarum</strong></span> <span class='ocrx_word' id='word_1_168' title='bbox 830 3004 1047 3096; x_wconf 78' lang='lat' dir='ltr'><strong>euemplorio,</strong></span> <span class='ocrx_word' id='word_1_169' title='bbox 1069 3027 1111 3072; x_wconf 86' lang='lat' dir='ltr'><strong>ne</strong></span> <span class='ocrx_word' id='word_1_170' title='bbox 1132 3004 1333 3072; x_wconf 75' lang='lat' dir='ltr'><strong>authentice</strong></span> 
     </span>
     <span class='ocr_line' id='line_1_24' title="bbox 267 3103 1331 3212; baseline -0.001 -23"><span class='ocrx_word' id='word_1_171' title='bbox 267 3121 423 3204; x_wconf 83' lang='lat' dir='ltr'><strong>istarum,</strong></span> <span class='ocrx_word' id='word_1_172' title='bbox 452 3103 512 3188; x_wconf 78' lang='lat' dir='ltr'><strong>out</strong></span> <span class='ocrx_word' id='word_1_173' title='bbox 540 3122 747 3212; x_wconf 77' lang='lat' dir='ltr'><strong>intercepte,</strong></span> <span class='ocrx_word' id='word_1_174' title='bbox 774 3132 835 3188; x_wconf 82' lang='lat' dir='ltr'><strong>out</strong></span> <span class='ocrx_word' id='word_1_175' title='bbox 863 3143 885 3187; x_wconf 88' lang='lat' dir='ltr'><strong>u</strong></span> <span class='ocrx_word' id='word_1_176' title='bbox 912 3121 1032 3211; x_wconf 82' lang='lat' dir='ltr'><strong>quibus</strong></span> <span class='ocrx_word' id='word_1_177' title='bbox 1056 3121 1199 3211; x_wconf 80' lang='lat' dir='ltr'><strong>sortasse</strong></span> <span class='ocrx_word' id='word_1_178' title='bbox 1226 3120 1331 3188; x_wconf 78' lang='lat' dir='ltr'><strong>dedo·</strong></span> 
     </span>
    </p>
   </div>
   <div class='ocr_carea' id='block_1_3' title="bbox 269 3413 1339 4371">
    <p class='ocr_par' dir='ltr' id='par_1_4' title="bbox 269 3413 1335 3640">
     <span class='ocr_line' id='line_1_25' title="bbox 269 3413 1335 3481; baseline -0.003 -15"><span class='ocrx_word' id='word_1_179' title='bbox 269 3421 334 3479; x_wconf 89' lang='lat' dir='ltr'><strong>suut,</strong></span> <span class='ocrx_word' id='word_1_180' title='bbox 348 3429 395 3466; x_wconf 88' lang='lat' dir='ltr'><strong>uon</strong></span> <span class='ocrx_word' id='word_1_181' title='bbox 408 3413 565 3480; x_wconf 79' lang='lat' dir='ltr'><strong>simplicitate</strong></span> <span class='ocrx_word' id='word_1_182' title='bbox 586 3416 713 3480; x_wconf 85' lang='lat' dir='ltr'><strong>sermonis,</strong></span> <span class='ocrx_word' id='word_1_183' title='bbox 736 3415 826 3466; x_wconf 86' lang='lat' dir='ltr'><strong>seder</strong></span> <span class='ocrx_word' id='word_1_184' title='bbox 849 3420 940 3481; x_wconf 82' lang='lat' dir='ltr'><strong>quauta</strong></span> <span class='ocrx_word' id='word_1_185' title='bbox 960 3413 1074 3464; x_wconf 73' lang='lat' dir='ltr'><strong>mestitia</strong></span> <span class='ocrx_word' id='word_1_186' title='bbox 1100 3419 1126 3464; x_wconf 85' lang='lat' dir='ltr'><strong>et</strong></span> <span class='ocrx_word' id='word_1_187' title='bbox 1151 3413 1335 3478; x_wconf 85' lang='lat' dir='ltr'><strong>compunctione</strong></span> 
     </span>
     <span class='ocr_line' id='line_1_26' title="bbox 269 3492 1334 3562; baseline -0.002 -18"><span class='ocrx_word' id='word_1_188' title='bbox 269 3496 437 3562; x_wconf 79' lang='lat' dir='ltr'><strong>processerint,</strong></span> <span class='ocrx_word' id='word_1_189' title='bbox 450 3493 557 3545; x_wconf 88' lang='lat' dir='ltr'><strong>interiori</strong></span> <span class='ocrx_word' id='word_1_190' title='bbox 570 3494 647 3558; x_wconf 89' lang='lat' dir='ltr'><strong>oculo,</strong></span> <span class='ocrx_word' id='word_1_191' title='bbox 662 3510 709 3544; x_wconf 93' lang='lat' dir='ltr'><strong>nou</strong></span> <span class='ocrx_word' id='word_1_192' title='bbox 721 3495 831 3546; x_wconf 82' lang='lat' dir='ltr'><strong>exteriori</strong></span> <span class='ocrx_word' id='word_1_193' title='bbox 846 3500 950 3557; x_wconf 83' lang='lat' dir='ltr'><strong>tuntum,</strong></span> <span class='ocrx_word' id='word_1_194' title='bbox 965 3493 1107 3544; x_wconf 80' lang='lat' dir='ltr'><strong>attendetis.</strong></span> <span class='ocrx_word' id='word_1_195' title='bbox 1122 3492 1240 3544; x_wconf 75' lang='lat' dir='ltr'><strong>»Nicolei</strong></span> <span class='ocrx_word' id='word_1_196' title='bbox 1253 3493 1334 3560; x_wconf 79' lang='lat' dir='ltr'><strong>Epist.</strong></span> 
     </span>
     <span class='ocr_line' id='line_1_27' title="bbox 269 3573 1036 3640; baseline -0.003 -14"><span class='ocrx_word' id='word_1_197' title='bbox 269 3576 307 3628; x_wconf 84' lang='lat' dir='ltr'><strong>ud</strong></span> <span class='ocrx_word' id='word_1_198' title='bbox 321 3575 496 3627; x_wconf 80' lang='lat' dir='ltr'><strong>Hiudowicum</strong></span> <span class='ocrx_word' id='word_1_199' title='bbox 506 3577 530 3624; x_wconf 85' lang='lat' dir='ltr'><strong>et</strong></span> <span class='ocrx_word' id='word_1_200' title='bbox 543 3573 662 3625; x_wconf 79' lang='lat' dir='ltr'><strong>Gerulum</strong></span> <span class='ocrx_word' id='word_1_201' title='bbox 679 3575 782 3639; x_wconf 70' lang='lat' dir='ltr'><strong>(illisne,</strong></span> <span class='ocrx_word' id='word_1_202' title='bbox 796 3581 817 3624; x_wconf 89' lang='lat' dir='ltr'><strong>t.</strong></span> <span class='ocrx_word' id='word_1_203' title='bbox 830 3575 917 3636; x_wconf 73' lang='lat' dir='ltr'><strong>cxlx,</strong></span> <span class='ocrx_word' id='word_1_204' title='bbox 928 3589 955 3640; x_wconf 87' lang='lat' dir='ltr'><strong>p.</strong></span> <span class='ocrx_word' id='word_1_205' title='bbox 969 3576 1036 3634; x_wconf 78' lang='lat'><strong>925).</strong></span> 
     </span>
    </p>

    <p class='ocr_par' dir='ltr' id='par_1_5' title="bbox 304 3655 911 3720">
     <span class='ocr_line' id='line_1_28' title="bbox 304 3655 911 3720; baseline -0.003 -12"><span class='ocrx_word' id='word_1_206' title='bbox 304 3661 326 3708; x_wconf 88' lang='lat' dir='ltr'><strong>l.</strong></span> <span class='ocrx_word' id='word_1_207' title='bbox 342 3659 408 3719; x_wconf 82' lang='lat' dir='ltr'><strong>Quas</strong></span> <span class='ocrx_word' id='word_1_208' title='bbox 417 3655 499 3708; x_wconf 86' lang='lat' dir='ltr'><strong>leudes</strong></span> <span class='ocrx_word' id='word_1_209' title='bbox 512 3669 585 3720; x_wconf 89' lang='lat' dir='ltr'><strong>supra</strong></span> <span class='ocrx_word' id='word_1_210' title='bbox 594 3655 733 3715; x_wconf 81' lang='lat' dir='ltr'><strong>memoravi,</strong></span> <span class='ocrx_word' id='word_1_211' title='bbox 744 3669 765 3708; x_wconf 89' lang='lat' dir='ltr'><strong>c.</strong></span> <span class='ocrx_word' id='word_1_212' title='bbox 779 3667 821 3719; x_wconf 89' lang='lat'><strong>111,</strong></span> <span class='ocrx_word' id='word_1_213' title='bbox 833 3670 859 3720; x_wconf 91' lang='lat' dir='ltr'><strong>p.</strong></span> <span class='ocrx_word' id='word_1_214' title='bbox 869 3658 911 3706; x_wconf 83' lang='lat'><strong>92.</strong></span> 
     </span>
    </p>

    <p class='ocr_par' dir='ltr' id='par_1_6' title="bbox 271 3733 1339 4371">
     <span class='ocr_line' id='line_1_29' title="bbox 300 3733 1337 3803; baseline -0.01 -13"><span class='ocrx_word' id='word_1_215' title='bbox 300 3741 325 3790; x_wconf 82' lang='lat'><strong>2.</strong></span> <span class='ocrx_word' id='word_1_216' title='bbox 343 3740 455 3790; x_wconf 80' lang='lat' dir='ltr'><strong>«Cetera</strong></span> <span class='ocrx_word' id='word_1_217' title='bbox 472 3751 605 3803; x_wconf 82' lang='lat' dir='ltr'><strong>ueroque,</strong></span> <span class='ocrx_word' id='word_1_218' title='bbox 621 3734 763 3785; x_wconf 80' lang='lat' dir='ltr'><strong>numadum</strong></span> <span class='ocrx_word' id='word_1_219' title='bbox 788 3735 959 3786; x_wconf 78' lang='lat' dir='ltr'><strong>excederemus</strong></span> <span class='ocrx_word' id='word_1_220' title='bbox 976 3734 1141 3799; x_wconf 73' lang='lat' dir='ltr'><strong>epistolarem,</strong></span> <span class='ocrx_word' id='word_1_221' title='bbox 1163 3733 1220 3782; x_wconf 83' lang='lat' dir='ltr'><strong>huic</strong></span> <span class='ocrx_word' id='word_1_222' title='bbox 1243 3733 1337 3798; x_wconf 79' lang='lat' dir='ltr'><strong>pagine</strong></span> 
     </span>
     <span class='ocr_line' id='line_1_30' title="bbox 271 3815 1336 3881; baseline -0.008 -12"><span class='ocrx_word' id='word_1_223' title='bbox 271 3819 395 3870; x_wconf 79' lang='lat' dir='ltr'><strong>inserenda</strong></span> <span class='ocrx_word' id='word_1_224' title='bbox 408 3834 453 3870; x_wconf 89' lang='lat' dir='ltr'><strong>uon</strong></span> <span class='ocrx_word' id='word_1_225' title='bbox 469 3817 588 3881; x_wconf 87' lang='lat' dir='ltr'><strong>duximus,</strong></span> <span class='ocrx_word' id='word_1_226' title='bbox 603 3815 703 3868; x_wconf 78' lang='lat' dir='ltr'><strong>Arsenio</strong></span> <span class='ocrx_word' id='word_1_227' title='bbox 718 3817 911 3866; x_wconf 84' lang='lat' dir='ltr'><strong>reuerentissimo</strong></span> <span class='ocrx_word' id='word_1_228' title='bbox 925 3821 950 3865; x_wconf 86' lang='lat' dir='ltr'><strong>et</strong></span> <span class='ocrx_word' id='word_1_229' title='bbox 964 3815 1117 3864; x_wconf 72' lang='lat' dir='ltr'><strong>sanctissimo</strong></span> <span class='ocrx_word' id='word_1_230' title='bbox 1138 3815 1260 3877; x_wconf 84' lang='lat' dir='ltr'><strong>episcopo,</strong></span> <span class='ocrx_word' id='word_1_231' title='bbox 1279 3827 1336 3877; x_wconf 87' lang='lat' dir='ltr'><strong>epo·</strong></span> 
     </span>
     <span class='ocr_line' id='line_1_31' title="bbox 271 3893 1337 3964; baseline -0.009 -12"><span class='ocrx_word' id='word_1_232' title='bbox 271 3900 377 3952; x_wconf 79' lang='lat' dir='ltr'><strong>crisierio</strong></span> <span class='ocrx_word' id='word_1_233' title='bbox 394 3906 419 3950; x_wconf 87' lang='lat' dir='ltr'><strong>et</strong></span> <span class='ocrx_word' id='word_1_234' title='bbox 439 3900 512 3950; x_wconf 88' lang='lat' dir='ltr'><strong>misso</strong></span> <span class='ocrx_word' id='word_1_235' title='bbox 526 3897 663 3964; x_wconf 78' lang='lat' dir='ltr'><strong>apostolice</strong></span> <span class='ocrx_word' id='word_1_236' title='bbox 676 3895 740 3945; x_wconf 86' lang='lat' dir='ltr'><strong>sedis</strong></span> <span class='ocrx_word' id='word_1_237' title='bbox 754 3901 779 3946; x_wconf 89' lang='lat' dir='ltr'><strong>et</strong></span> <span class='ocrx_word' id='word_1_238' title='bbox 790 3895 924 3945; x_wconf 83' lang='lat' dir='ltr'><strong>consiliario</strong></span> <span class='ocrx_word' id='word_1_239' title='bbox 941 3903 1031 3959; x_wconf 86' lang='lat' dir='ltr'><strong>nostro,</strong></span> <span class='ocrx_word' id='word_1_240' title='bbox 1050 3893 1236 3944; x_wconf 78' lang='lat' dir='ltr'><strong>defaecatissime</strong></span> <span class='ocrx_word' id='word_1_241' title='bbox 1256 3907 1337 3957; x_wconf 84' lang='lat' dir='ltr'><strong>prose·</strong></span> 
     </span>
     <span class='ocr_line' id='line_1_32' title="bbox 272 3973 1337 4046; baseline -0.01 -15"><span class='ocrx_word' id='word_1_242' title='bbox 272 3979 368 4046; x_wconf 84' lang='lat' dir='ltr'><strong>quende</strong></span> <span class='ocrx_word' id='word_1_243' title='bbox 382 3996 428 4032; x_wconf 86' lang='lat' dir='ltr'><strong>nou</strong></span> <span class='ocrx_word' id='word_1_244' title='bbox 441 3979 590 4044; x_wconf 86' lang='lat' dir='ltr'><strong>indecenter,</strong></span> <span class='ocrx_word' id='word_1_245' title='bbox 605 3985 632 4030; x_wconf 88' lang='lat' dir='ltr'><strong>ut</strong></span> <span class='ocrx_word' id='word_1_246' title='bbox 646 3975 775 4040; x_wconf 87' lang='lat' dir='ltr'><strong>credimus,</strong></span> <span class='ocrx_word' id='word_1_247' title='bbox 793 3977 888 4040; x_wconf 86' lang='lat' dir='ltr'><strong>seriptis</strong></span> <span class='ocrx_word' id='word_1_248' title='bbox 903 3983 929 4026; x_wconf 84' lang='lat' dir='ltr'><strong>et</strong></span> <span class='ocrx_word' id='word_1_249' title='bbox 945 3976 1016 4026; x_wconf 88' lang='lat' dir='ltr'><strong>dictis</strong></span> <span class='ocrx_word' id='word_1_250' title='bbox 1036 3974 1194 4039; x_wconf 81' lang='lat' dir='ltr'><strong>injunximus.</strong></span> <span class='ocrx_word' id='word_1_251' title='bbox 1214 3973 1260 4026; x_wconf 87' lang='lat' dir='ltr'><strong>Cui</strong></span> <span class='ocrx_word' id='word_1_252' title='bbox 1278 3973 1337 4024; x_wconf 88' lang='lat' dir='ltr'><strong>bene</strong></span> 
     </span>
     <span class='ocr_line' id='line_1_33' title="bbox 274 4052 1337 4124; baseline -0.011 -12"><span class='ocrx_word' id='word_1_253' title='bbox 274 4061 346 4112; x_wconf 81' lang='lat' dir='ltr'><strong>locist</strong></span> <span class='ocrx_word' id='word_1_254' title='bbox 356 4062 430 4124; x_wconf 76' lang='lat' dir='ltr'><strong>glorie</strong></span> <span class='ocrx_word' id='word_1_255' title='bbox 437 4069 518 4114; x_wconf 79' lang='lat' dir='ltr'><strong>vestre</strong></span> <span class='ocrx_word' id='word_1_256' title='bbox 527 4062 551 4111; x_wconf 93' lang='lat' dir='ltr'><strong>in</strong></span> <span class='ocrx_word' id='word_1_257' title='bbox 566 4060 659 4112; x_wconf 87' lang='lat' dir='ltr'><strong>cunetis</strong></span> <span class='ocrx_word' id='word_1_258' title='bbox 667 4056 804 4119; x_wconf 76' lang='lat' dir='ltr'><strong>attendens,</strong></span> <span class='ocrx_word' id='word_1_259' title='bbox 819 4061 844 4105; x_wconf 88' lang='lat' dir='ltr'><strong>et</strong></span> <span class='ocrx_word' id='word_1_260' title='bbox 855 4057 878 4105; x_wconf 93' lang='lat' dir='ltr'><strong>in</strong></span> <span class='ocrx_word' id='word_1_261' title='bbox 890 4056 991 4122; x_wconf 80' lang='lat' dir='ltr'><strong>hisque</strong></span> <span class='ocrx_word' id='word_1_262' title='bbox 1002 4056 1058 4118; x_wconf 88' lang='lat' dir='ltr'><strong>sihi,</strong></span> <span class='ocrx_word' id='word_1_263' title='bbox 1067 4071 1096 4106; x_wconf 89' lang='lat' dir='ltr'><strong>ex</strong></span> <span class='ocrx_word' id='word_1_264' title='bbox 1106 4055 1182 4104; x_wconf 86' lang='lat' dir='ltr'><strong>nostri</strong></span> <span class='ocrx_word' id='word_1_265' title='bbox 1193 4052 1337 4118; x_wconf 72' lang='lat' dir='ltr'><strong>apostolatus</strong></span> 
     </span>
     <span class='ocr_line' id='line_1_34' title="bbox 273 4130 1339 4208; baseline -0.011 -16"><span class='ocrx_word' id='word_1_266' title='bbox 273 4142 423 4208; x_wconf 73' lang='lat' dir='ltr'><strong>auctoritate,</strong></span> <span class='ocrx_word' id='word_1_267' title='bbox 440 4143 469 4194; x_wconf 90' lang='lat' dir='ltr'><strong>de</strong></span> <span class='ocrx_word' id='word_1_268' title='bbox 490 4157 548 4208; x_wconf 85' lang='lat' dir='ltr'><strong>pecu</strong></span> <span class='ocrx_word' id='word_1_269' title='bbox 567 4149 654 4194; x_wconf 75' lang='lat' dir='ltr'><strong>sancte</strong></span> <span class='ocrx_word' id='word_1_270' title='bbox 674 4139 781 4190; x_wconf 82' lang='lat' dir='ltr'><strong>ecclesie</strong></span> <span class='ocrx_word' id='word_1_271' title='bbox 800 4136 957 4202; x_wconf 86' lang='lat' dir='ltr'><strong>perhibuerit,</strong></span> <span class='ocrx_word' id='word_1_272' title='bbox 972 4136 1165 4188; x_wconf 74' lang='lat' dir='ltr'><strong>necimmerito</strong></span> <span class='ocrx_word' id='word_1_273' title='bbox 1181 4130 1339 4186; x_wconf 80' lang='lat' dir='ltr'><strong>ereduluorl</strong></span> 
     </span>
     <span class='ocr_line' id='line_1_35' title="bbox 274 4215 1336 4288; baseline -0.01 -15"><span class='ocrx_word' id='word_1_274' title='bbox 274 4221 405 4288; x_wconf 61' lang='lat' dir='ltr'><strong>ambigua,</strong></span> <span class='ocrx_word' id='word_1_275' title='bbox 418 4223 496 4288; x_wconf 79' lang='lat' dir='ltr'><strong>fidem</strong></span> <span class='ocrx_word' id='word_1_276' title='bbox 511 4226 605 4274; x_wconf 83' lang='lat' dir='ltr'><strong>certum</strong></span> <span class='ocrx_word' id='word_1_277' title='bbox 619 4220 836 4273; x_wconf 75' lang='lat' dir='ltr'><strong>accommodans.»</strong></span> <span class='ocrx_word' id='word_1_278' title='bbox 852 4217 944 4270; x_wconf 87' lang='lat' dir='ltr'><strong>Nicolei</strong></span> <span class='ocrx_word' id='word_1_279' title='bbox 957 4218 1041 4285; x_wconf 82' lang='lat' dir='ltr'><strong>Epist.</strong></span> <span class='ocrx_word' id='word_1_280' title='bbox 1054 4217 1089 4268; x_wconf 86' lang='lat' dir='ltr'><strong>ud</strong></span> <span class='ocrx_word' id='word_1_281' title='bbox 1098 4216 1217 4267; x_wconf 84' lang='lat' dir='ltr'><strong>Corolum</strong></span> <span class='ocrx_word' id='word_1_282' title='bbox 1230 4215 1336 4267; x_wconf 80' lang='lat' dir='ltr'><strong>Caluum</strong></span> 
     </span>
     <span class='ocr_line' id='line_1_36' title="bbox 279 4299 825 4371; baseline -0.009 -15"><span class='ocrx_word' id='word_1_283' title='bbox 279 4303 412 4371; x_wconf 62' lang='lat' dir='ltr'><strong>(lllguet.</strong></span> <span class='ocrx_word' id='word_1_284' title='bbox 427 4303 535 4366; x_wconf 75' lang='lat' dir='ltr'><strong>cxxix,</strong></span> <span class='ocrx_word' id='word_1_285' title='bbox 549 4319 573 4368; x_wconf 87' lang='lat' dir='ltr'><strong>p.</strong></span> <span class='ocrx_word' id='word_1_286' title='bbox 589 4307 648 4365; x_wconf 79' lang='grc'><strong>913;</strong></span> <span class='ocrx_word' id='word_1_287' title='bbox 662 4301 732 4365; x_wconf 68' lang='lat' dir='ltr'><strong>June,</strong></span> <span class='ocrx_word' id='word_1_288' title='bbox 744 4299 825 4366; x_wconf 67' lang='lat'><strong>2113).</strong></span> 
     </span>
    </p>
   </div>
   <div class='ocr_carea' id='block_1_4' title="bbox 0 0 1538 5050">
    <p class='ocr_par' dir='ltr' id='par_1_7' title="bbox 0 0 1538 5050">
     <span class='ocr_line' id='line_1_37' title="bbox 0 0 1538 5050; baseline 0 0"><span class='ocrx_word' id='word_1_289' title='bbox 0 0 1538 5050; x_wconf 95' lang='lat' dir='ltr'><strong> </strong></span> 
     </span>
    </p>
   </div>
  </div>
 </body>
</html>
