2954 5050
261 432 305 482 244
477 427 695 492 ANASTASII,
718 427 917 480 HADRIANO
943 430 1038 481 PAPA
1060 430 1102 490 ll,

271 607 277 615 ν
305 574 375 645 Hoc
401 583 511 644 tamen
532 595 591 662 pro
613 584 700 644 certo
725 575 913 646 habendum
938 583 1003 663 est,
1032 571 1320 641 bibliothecarium

259 693 365 780 illum,
388 712 425 760 ex
444 711 508 779 quo
529 690 702 778 pristinam
725 691 918 780 dignitatem
938 690 1071 778 recepit,
1092 686 1323 757 hludowicum

259 807 487 896 imperatorem
508 807 613 892 magis
629 807 779 897 coluisse,
795 817 905 897 atque,
921 816 959 876 ut
972 806 1017 874 ita
1031 804 1150 894 dicam,
1164 803 1201 872 in
1213 812 1325 892 pater-

259 943 337 992 nam
348 923 600 995 assentationem
617 932 649 992 et
660 925 799 1011 gratiam
813 924 1018 994 successisse.

302 1039 364 1109 IV.
388 1038 545 1108 Nondum
564 1038 654 1108 enim
673 1051 810 1110 verterat
831 1061 938 1110 annus
963 1038 1040 1128 869,
1073 1047 1145 1107 tum
1171 1037 1325 1125 apparuit

258 1176 330 1245 quac
350 1156 437 1225 inter
460 1154 671 1224 Anastasium
692 1165 725 1226 et
744 1157 976 1247 imperatorem
989 1153 1228 1224 intercessisset
1240 1153 1325 1222 inti·

258 1272 344 1340 mior
362 1271 560 1361 conjunctio.
858 1341 861 1354 ,

302 1388 385 1457 Nam
398 1410 473 1458 cum
487 1387 711 1476 Hludowious‚
735 1389 794 1478 qui
814 1387 855 1458 ab
876 1390 937 1457 hoc
959 1387 1095 1457 ineunte
1118 1408 1206 1457 anno
1219 1386 1322 1455 filiam

258 1526 352 1574 suam
378 1505 640 1592 ‘Ermenga'rdam
671 1503 783 1575 Basilii
809 1505 897 1573 filio¹
928 1505 1083 1574 collocare
1107 1504 1323 1592 promiserat,

256 1621 378 1708 legatos
394 1621 527 1689 tandem
543 1621 640 1709 elegit
656 1622 714 1709 qni
733 1620 1013 1708 Constantinopoli
1030 1619 1213 1708 pactionem
1235 1640 1323 1707 nup·

257 1737 368 1806 tialem
399 1735 560 1815 facerent,
600 1737 768 1806 neminem
800 1736 847 1805 rei
878 1736 1036 1824 aptiorem
1068 1735 1187 1805 ducem
1221 1754 1322 1823 quam

256 1853 482 1942 Anastasium,
503 1853 588 1922 sedis
612 1851 793 1941 apostolice
811 1851 1108 1940 bibliothecarium,
1127 1847 1323 1940 judicavit².

301 1969 363 2038 Hic
383 1969 499 2057 igitur,
520 1988 618 2056 quem
644 1967 885 2038 comitabantur
909 1967 975 2037 duo
990 1968 1133 2036 illustres
1155 1965 1322 2052 homines,

258 2085 368 2174 Suppo
397 2081 670 2153 archiminister³
701 2081 981 2172 Engelbergaeque
1016 2083 1252 2171 consobrinus,
1291 2089 1325 2150 et

288 2308 311 2358 1.
328 2305 441 2357 Fortasse
454 2305 618 2369 Constantino,
633 2304 675 2370 qui
689 2319 717 2356 ex
730 2303 786 2355 filiis
800 2304 884 2356 Basilii
898 2309 955 2356 natu
971 2305 1089 2356 maximus
1104 2310 1165 2356 erat.

286 2390 312 2436 2.
329 2387 472 2450 Quanquam
491 2385 555 2450 apud
571 2385 698 2450 scriptores
718 2385 867 2450 temporibus
887 2385 934 2435 illis
951 2385 1054 2451 aquales
1074 2400 1121 2435 non
1140 2383 1218 2450 reperi
1236 2399 1265 2436 ex
1286 2381 1324 2434 his

257 2463 348 2516 duobus
368 2465 550 2529 Imperatoribus
571 2471 624 2516 uter
639 2465 820 2516 matrimonium
838 2466 995 2532 proposuerit,
1016 2471 1098 2516 tamen
1113 2465 1230 2516 Basiliam
1250 2465 1325 2515 luisse

256 2547 427 2610 cooperatam
443 2546 500 2611 quia
513 2546 533 2595 is
547 2545 702 2610 legationem,
717 2545 876 2611 Euthymium
889 2546 1001 2597 videlicet
1012 2546 1168 2614 spatharium,
1183 2544 1214 2596 ad
1232 2544 1324 2596 lllndo-

256 2628 344 2677 wicum
361 2625 423 2676 ultro
441 2627 507 2676 misit
523 2629 556 2689 (r.
576 2628 610 2676 Le
620 2641 691 2692 pape
704 2627 831 2692 Formosa,
847 2642 874 2692 p.
888 2628 983 2693 tac-3),
998 2642 1071 2692 quarn
1089 2627 1154 2693 quod
1173 2626 1220 2676 illa
1234 2625 1325 2690 nuptia

256 2707 429 2772 allludowico‚
445 2722 492 2759 non
505 2723 520 2757 a
533 2691 621 2757 B'asilio
635 2713 712 2771 rnptae
732 2713 788 2758 sunt
805 2709 839 2772 (a.
858 2707 929 2773 paulo
945 2707 1065 2772 interius).
1083 2707 1183 2758 Accedit
1196 2712 1224 2758 ut
1237 2722 1266 2757 ex
1279 2707 1325 2756 hoc

187 2801 189 2807 ·
257 2788 407 2840 matrimonio
427 2790 564 2840 Grecorum
582 2787 719 2852 imperatori
739 2788 814 2851 maior
834 2795 962 2853 appareret
982 2787 1072 2838 utilitas
1092 2803 1166 2854 quam
1186 2785 1324 2852 imperatori

256 2871 411 2920 Francorum.
425 2871 496 2932 Nam,
514 2870 533 2917 si
548 2869 610 2918 inter
628 2875 759 2934 utrumque
772 2875 915 2919 convenerat
926 2875 963 2932 nt,
976 2869 1007 2920 ad
1016 2868 1169 2934 expellendos
1182 2869 1327 2920 Sarracenos

257 2963 286 2998 ax
302 2949 388 2998 ducatu
402 2948 581 3010 Beneventano,
596 2945 695 2996 Francis
710 2946 785 2996 Grati
804 2945 973 2998 auxiliarentur
995 2947 1029 3012 (v.
1053 2947 1177 2998 Hinomari
1197 2945 1325 3008 sonata,

257 3043 279 3078 a.
290 3030 345 3091 869,
360 3043 384 3092 p.
398 3027 463 3092 481),
478 3027 528 3076 hac
537 3041 592 3091 spes
606 3032 658 3076 erat
672 3027 771 3091 Basilio,
784 3041 831 3076 non
846 3027 923 3078 solum
935 3029 1083 3078 Francorum
1096 3027 1210 3078 subsidiis
1224 3027 1325 3077 amissas

257 3109 390 3172 provincias
404 3108 429 3156 in
442 3106 511 3157 ltalia
522 3106 620 3157 australi
635 3107 748 3172 recipere,
762 3121 846 3157 rerum
860 3108 942 3172 etiam,
957 3114 1084 3173 propterea
1093 3107 1156 3172 quod
1169 3113 1223 3158 erat
1233 3106 1326 3159 illudo·

257 3188 375 3238 wicofilia
388 3187 458 3237 unica
473 3187 646 3252 ermengarda,
669 3188 742 3239 totius
764 3187 841 3238 Italiae
859 3188 939 3254 potiri.
960 3189 993 3240 Ut
1010 3195 1039 3239 ut
1057 3187 1097 3252 sit,
1119 3202 1183 3238 anno
1204 3189 1259 3252 869,
1279 3187 1327 3236 duo

257 3267 413 3332 imperatores
431 3265 476 3316 hac
497 3266 567 3317 inre
588 3267 778 3331 consentiebant,
797 3273 860 3318 teste
881 3269 1015 3331 Anastasio,
1038 3268 1080 3333 qui
1095 3267 1131 3318 ait
1146 3281 1173 3317 se
1193 3265 1327 3317 illudowici

257 3347 363 3411 legatum
376 3345 608 3411 Constantinopolim
619 3347 690 3397 ivisse
704 3362 794 3399 ocausa
808 3348 921 3413 nuptialis
935 3348 1082 3412 commercii,
1093 3347 1158 3414 quod
1171 3346 1327 3398 efficiendum

257 3443 286 3480 er
297 3429 344 3480 filio
356 3426 508 3492 imperatoris
523 3427 605 3477 Basilii
619 3433 643 3477 et
659 3428 741 3490 genita
755 3427 848 3493 praelati
867 3429 911 3479 Dei
928 3428 1026 3478 cultoris
1041 3428 1155 3490 Augusti,
1172 3429 1203 3478 ab
1225 3434 1328 3493 utraque

256 3517 324 3574 parte
338 3507 476 3573 sperabatur
490 3506 562 3557 simul
574 3514 599 3558 et
612 3507 740 3572 parabatur
752 3525 775 3558 o.
792 3509 913 3559 Anastasii
924 3509 1049 3573 Praefatio
1071 3508 1100 3559 io
1117 3509 1245 3573 synodum
1269 3507 1330 3559 Vlll

258 3590 360 3656 (Migna,
374 3595 391 3639 t.
408 3588 517 3652 CXXIX,
529 3603 554 3653 p.
570 3589 613 3651 17;
636 3587 722 3653 Coleti,
737 3594 757 3638 t.
776 3588 807 3651 X,
823 3604 847 3654 p.
863 3589 928 3653 tra).
944 3589 1074 3640 Contendit
1092 3588 1167 3639 etiam
1184 3587 1329 3638 Anastasius

256 3669 402 3734 legationem
417 3667 483 3718 illam
501 3683 574 3733 quam
587 3668 688 3733 ferebat,
708 3683 763 3718 cum
783 3669 970 3734 imperatoriam,
985 3675 1039 3719 turn
1050 3668 1213 3734 pontificalem
1230 3668 1304 3719 luisse
1319 3683 1327 3718 a

258 3752 400 3802 «serentem
418 3748 501 3813 otiam,
520 3749 564 3813 ait,
584 3747 730 3811 legationem
752 3750 782 3799 ab
800 3748 936 3814 apostolicis
954 3749 1055 3813 maritis,
1076 3749 1185 3800 decorato
1199 3747 1327 3813 presulatu

255 3837 365 3882 restro...
384 3831 412 3881 In
433 3835 483 3880 tam
503 3829 568 3879 anim
587 3829 627 3893 pio
650 3829 754 3894 negotio,
775 3836 800 3880 ct
818 3832 883 3895 quod
897 3829 929 3880 ad
949 3830 1073 3895 utriusque
1086 3829 1182 3893 imperii
1196 3828 1327 3893 unitatem,

256 3911 330 3962 immo
344 3910 418 3964 totius
428 3908 636 3983 Christieoclesiaa
647 3907 783 3960 libertatem
794 3909 915 3975 pertinere
928 3910 1009 3975 procul
1020 3910 1092 3961 dubio
1101 3908 1254 3974 credebatur,
1264 3924 1327 3976 pra·

256 3993 325 4058 cipue
337 3991 426 4043 summi
441 3990 557 4055 pontificii
572 3989 644 4041 rastri
663 3991 814 4056 querebatur
826 4005 936 4041 assensus
949 4009 961 4038 a
975 3989 1065 4056 (ibid).

286 4077 310 4124 3.
329 4074 369 4124 Sic
380 4070 512 4139 appellatur
526 4072 551 4121 in
568 4071 627 4122 Vita
640 4070 770 4122 Hadriani
782 4073 808 4122 ΙΙ
819 4071 936 4136 (Vignoli,
951 4077 971 4122 t.
986 4073 1031 4135 ΙΙΙ,
1046 4085 1072 4135 p.
1085 4071 1142 4135 243,
1157 4085 1181 4121 o.
1191 4072 1286 4135 xt111);
1302 4071 1327 4121 in

259 4153 326 4204 Actis
339 4159 420 4203 autem
437 4151 529 4202 concilii
544 4152 682 4202 ocnmcnici
697 4151 765 4216 Vlll,
780 4151 872 4217 primus
885 4151 1105 4202 concofanariorum
1115 4156 1213 4201 vocatur
1224 4151 1327 4217 (trigue,

256 4238 277 4284 t.
296 4233 405 4297 CXXIX,
420 4247 445 4296 p.
468 4234 512 4282 148
518 4247 527 4295 ;
549 4231 636 4296 Coleti,
651 4234 676 4283 ’1.
692 4233 723 4295 X,
738 4248 764 4297 p.
779 4233 839 4295 6303
857 4238 882 4283 et
895 4231 966 4295 inira,
984 4246 1008 4296 p.
1018 4234 1073 4296 216,
1088 4246 1114 4282 n.
1125 4232 1160 4297 3).
1176 4231 1233 4282 Fuit
1246 4231 1328 4282 Piceni

256 4328 337 4366 comes
346 4313 380 4378 (v.
393 4313 406 4364 J
411 4311 511 4362 ohannis
521 4311 613 4362 diaconi
628 4311 712 4364 Vitam
725 4313 844 4378 Greport'a'
852 4313 899 4377 M,
909 4312 927 4364 l.
938 4313 982 4375 lV,
992 4327 1014 4365 c.
1025 4324 1085 4374 xcv,
1093 4313 1186 4377 iligna,
1196 4317 1217 4363 1.
1226 4311 1328 4373 LXXV,
