2944 5060
448 1017 703 1088 APPENDIX
732 1018 929 1088 ALTERA

267 1210 334 1267 Qua
367 1208 539 1260 aaasrasn
566 1209 836 1258 BIBLIO'I'HECARII
865 1210 975 1260 OPERA
994 1211 1110 1286 'Vama

568 1326 810 1373 RECENSENTUR

621 1484 765 1496 ——--

377 1613 401 1676 1.
425 1647 464 1658 -
483 1630 523 1674 nn
545 1629 657 1674 abaco
679 1630 841 1674 ooavnasa
862 1613 997 1676 ornari.

197 1789 221 1840 1.
243 1785 309 1842 Vita
328 1783 356 1839 S.
379 1781 510 1838 iohannis
523 1783 750 1852 Eleemcspacrli‚
770 1797 837 1838 cum
854 1783 1020 1850 Praesctione
1035 1783 1073 1838 od
1085 1783 1224 1842 dominum

156 1881 301 1940 Nicolaum
310 1896 421 1952 papam,
433 1879 677 1953 inoeplafortasse
687 1879 833 1935 Benedicti
842 1881 879 1934 III
888 1880 1068 1953 temporibus
1079 1880 1115 1955 (v.
1125 1899 1222 1954 supra,

156 1997 187 2051 p.
200 1981 254 2048 67).
267 1980 308 2034 De
321 1995 380 2051 qua
394 1976 513 2050 quidem
530 1976 569 2032 sic
586 1977 753 2048 sigebertus
765 1977 978 2033 Gemblacensis
994 1995 1001 2033 ε
1019 1998 1033 2029 α
1039 1979 1221 2050 Anastasius,

154 2078 276 2150 jubente
284 2074 563 2144 Nicolao‚transtulil
570 2074 600 2129 in
607 2074 729 2130 latinum
737 2075 830 2130 Vitam
840 2075 977 2131 iohannis
987 2076 1224 2148 Eleemosynarii,

157 2175 297 2250 scriptam?
311 2190 328 2228 a
342 2172 461 2229 Leontio
476 2172 609 2245 episcopo
626 2193 640 2222 u
659 2175 711 2239 (Dc
721 2173 900 2243 scriptoribus
914 2175 1113 2242 ecclesiasticis,
1126 2191 1152 2229 o.
1166 2191 1223 2247 cnr,

156 2274 189 2328 in
204 2271 291 2328 Minaei
304 2270 471 2327 Bibliotheca
490 2271 679 2336 ecclesiastica,
695 2269 742 2327 ed.
756 2274 786 2326 2·
796 2287 854 2326 cur.
867 2272 881 2326 J
885 2274 939 2327 .·A.
952 2270 1092 2342 Fabricio,
1105 2289 1133 2344 p.
1151 2275 1222 2342 185).

158 2369 242 2437 Quod
256 2369 335 2426 idem
351 2370 413 2442 jam
429 2370 514 2424 antea
529 2367 642 2424 dixerat
656 2368 842 2438 Flodoardus,
858 2371 920 2425 haec
939 2368 975 2426 de
994 2370 1111 2426 Nicolao
1125 2372 1137 2426 I
1151 2371 1219 2427 scri-

156 2468 230 2523 bens
245 2467 274 2522 in
288 2467 424 2540 poemate
437 2467 476 2521 De
490 2464 593 2521 Christi
606 2465 749 2536 triumphis
763 2466 838 2536 apud
851 2466 972 2536 ltaliam,
990 2466 1056 2522 libr.
1073 2468 1119 2524 XII
1136 2483 1144 2524 t

345 2607 440 2660 Miriflci
454 2607 542 2669 Patris,
553 2607 594 2658 cui
608 2607 657 2658 lert
670 2606 823 2672 eleemosyna
836 2622 933 2672 nornen,

345 2688 449 2738 indivisa
462 2702 544 2738 comes
557 2688 614 2737 rita
629 2693 722 2752 patrata
734 2688 861 2751 lobannis,

342 2768 447 2820 Auribus
459 2767 555 2818 archivo
569 2782 597 2817 ex
612 2767 683 2817 Graio
696 2782 808 2818 resonare
820 2768 914 2818 Latinis

346 2851 454 2912 Praestat,
466 2848 599 2899 Anastasio
608 2848 691 2913 jussis
703 2850 809 2912 parente
822 2849 952 2900 ministro.

673 2925 775 2993 (ungue,
788 2927 817 2978 Ρ.
827 2928 866 2990 L,
879 2934 899 2980 t.
909 2928 1028 2994 CXXXV,
1041 2946 1068 2996 p.
1077 2931 1150 2995 822.)

195 3064 343 3122 Alverobi
353 3061 612 3137 scriptoressaeculi
624 3061 728 3118 decimi
739 3065 824 3135 atque
835 3061 990 3131 undecimi,
1002 3081 1072 3137 quos
1082 3065 1222 3121 recenlio-

156 3183 205 3224 res
215 3163 305 3222 critici
317 3163 518 3236 imprudenter
531 3160 622 3217 secuti
632 3159 722 3231 sunt²,
732 3160 902 3217 Praeiatione
912 3161 998 3233 hujus
1006 3162 1076 3218 Vitas
1087 3163 1223 3220 Nicolaoi

157 3263 297 3336 inscripta
311 3261 423 3334 decepti
436 3276 497 3316 esse
508 3258 651 3328 videntur,
669 3277 836 3334 quanquam
854 3259 884 3314 in
903 3260 957 3315 hac
976 3259 1038 3332 ipsa
1051 3260 1223 3318 Praelalione

157 3360 327 3420 Anastasius
354 3359 460 3415 diserte
486 3357 692 3430 significaverit
717 3374 747 3414 se
774 3375 832 3414 non
859 3357 967 3414 summi
996 3357 1152 3430 pontificis,
1173 3360 1223 3416 sed

159 3461 284 3519 aliorum
306 3461 490 3514 strenuorum
514 3455 644 3512 virorum
668 3455 830 3527 efflagitatu
849 3455 886 3510 ad
905 3455 960 3512 boc
983 3471 1054 3528 opus
1075 3456 1224 3513 accessisse

159 3564 197 3631 (r.
217 3573 315 3630 snpra,
334 3574 364 3631 p.
384 3555 440 3627 87).
464 3554 685 3612 Anastasianam
703 3553 784 3610 illam
802 3553 1023 3610 translationem
1043 3553 1134 3610 edidit
1152 3556 1222 3611 Ros-

158 3654 259 3730 weyde
279 3654 310 3711 in
329 3655 402 3713 Vitis
419 3655 535 3710 Petram
555 3654 587 3722 (t.
606 3653 625 3722 l,
646 3668 674 3725 p.
693 3654 743 3708 179
763 3652 851 3725 sqq.)‚
873 3653 902 3707 el
922 3650 952 3706 in
971 3651 1050 3708 Actis
1065 3652 1225 3709 Sanctorum

159 3757 205 3826 (23
215 3756 322 3823 Jan.,t.
335 3753 372 3820 11,
384 3769 414 3825 p.
430 3751 481 3808 198
494 3749 580 3824 sqqt.
593 3748 725 3821 Repetite
738 3752 781 3805 est
792 3765 840 3822 ap.
855 3747 960 3822 iligna,
974 3751 1005 3808 P.
1016 3747 1061 3819 1.,
1076 3751 1097 3805 1.
1113 3750 1226 3823 LXXlll,

158 3869 188 3927 p.
201 3854 253 3908 388
268 3867 331 3926 sqq.

150 4074 152 4078 ,
191 4015 216 4062 1.
231 4009 309 4063 Multa
322 4009 352 4062 cle
365 4009 405 4060 bis
415 4010 487 4062 1.-1.
499 4007 623 4062 Fabricios
639 4007 810 4074 (Bibliotheca
828 4007 925 4068 Gracc,
945 4007 984 4059 ed.
999 4021 1054 4059 nor.
1069 4020 1120 4058 cur.
1133 4009 1226 4076 Harles,

160 4091 304 4156 Hamburgi,
324 4092 395 4153 1887,
413 4095 432 4142 1.
449 4092 482 4152 X,
498 4104 524 4156 p.
540 4090 661 4153 ool-6063
676 4095 696 4140 t.
711 4090 768 4150 Vll,
784 4102 810 4152 p.
825 4089 871 4138 162
885 4101 953 4154 sqq.;
969 4093 990 4138 t.
1002 4087 1071 4150 Viil,
1087 4103 1114 4154 p.
1133 4091 1184 4154 85),
1202 4096 1228 4141 at

159 4171 279 4223 nonnullis
290 4171 409 4222 erroribus
419 4170 563 4236 implicatur,
579 4185 638 4234 quos
650 4184 705 4233 ego,
718 4174 835 4233 quantum
848 4169 923 4234 potui,
937 4167 1070 4218 emendavi.

192 4257 215 4305 2.
233 4254 263 4306 V.
275 4253 348 4317 Bahr,
362 4251 509 4303 Geschichle
516 4251 563 4301 der
569 4250 711 4301 rimischers
719 4249 857 4313 hilaratur,
875 4255 894 4298 t.
907 4249 953 4312 iil,
968 4262 994 4314 p.
1008 4250 1067 4311 2653
1078 4250 1110 4300 D.
1120 4249 1226 4312 ceillier,

159 4334 225 4384 llisl.
240 4334 325 4398 ylclr.
338 4331 383 4382 des
396 4333 501 4381 cutears
512 4331 606 4392 scole,
622 4335 642 4382 t.
657 4329 722 4391 XIX,
735 4343 759 4393 p.
775 4331 830 4379 118.
