3006 5050
275 413 306 462 96
368 405 1249 468 ῠΕΝιῦοιΑοΡΑΡΑ111188081181111111111888

322 554 397 624 Haec
410 563 519 622 tamen
537 563 594 621 aut
608 553 733 619 nullam
745 544 965 639 suspicionem
979 550 1111 618 Nicolao
1122 551 1277 639 injecere,
1289 560 1346 620 aut

278 671 388 759 siqua
410 669 457 736 illi
478 667 594 735 incidit
614 667 767 754 suspicio,
789 688 826 735 ea
846 675 933 735 certe
954 687 1021 734 non
1042 674 1114 734 erat
1137 686 1209 755 quae
1236 668 1347 734 virum

278 797 425 854 tenacem
439 783 670 864 amicitiarum,
683 792 740 850 aut
754 783 983 850 aestimatorem
997 781 1190 868 utilitatum,
1202 801 1348 872 commo-

278 920 351 969 vere
363 899 495 968 ualeret.
508 897 574 966 Nec
585 899 674 966 enim
688 898 755 966 visa
769 909 818 965 est
831 906 904 966 tum
915 896 1045 965 fortuna
1059 897 1190 965 Arsenii
1203 898 1347 982 graviter

278 1013 448 1102 inclinari3
471 1022 568 1101 atque
583 1013 694 1080 multis
714 1013 884 1080 mensibus
898 1021 971 1101 post
990 1011 1117 1080 illume
1134 1011 1274 1079 Francia
1295 1033 1348 1081 re-

253 1193 255 1196 .
278 1149 440 1215 gressum,
457 1136 600 1196 extremo
614 1148 701 1195 anno
717 1129 794 1208 866,
812 1147 888 1196 cum
905 1126 1126 1214 Bulgarorum
1139 1127 1238 1214 legati
1253 1147 1347 1196 arma

278 1264 481 1331 muneraque
496 1242 536 1310 ad
556 1241 667 1311 sedem
684 1243 892 1330 apostolicam
905 1241 1111 1328 detulissent,
1126 1240 1233 1328 deque
1254 1261 1293 1309 ea
1312 1261 1348 1310 re

280 1368 363 1426 esset
373 1358 459 1425 inter
469 1357 639 1425 Nicolaum
646 1367 678 1425 et
689 1357 920 1444 imperatorem
927 1367 998 1424 orta
1006 1356 1348 1443 contentio,summus

279 1471 421 1568 pontifex
440 1472 480 1540 ad
499 1472 728 1541 Hludowicum
744 1471 776 1539 Π
794 1471 884 1540 misit
899 1474 988 1540 hunc
1003 1471 1156 1540 eumdem
1170 1472 1349 1558 apocrisia-

280 1590 380 1675 rium,
392 1588 449 1675 qui
461 1588 552 1656 litem
564 1608 599 1656 er
610 1586 780 1674 utriusque
789 1586 960 1655 commodo
969 1595 1109 1655 tentaret
1118 1587 1345 1674 componere¹.

280 1703 387 1770 lmmo
400 1724 487 1789 vero,
502 1723 589 1770 anno
603 1702 702 1771 etiam
717 1709 884 1789 sequente,
898 1700 939 1769 de
961 1700 1094 1769 Arsenii
1109 1699 1303 1768 auctoritate
1316 1709 1349 1768 et

280 1819 385 1905 gratia
405 1837 442 1885 ea
464 1816 550 1885 fama
570 1816 782 1904 permanebat
805 1814 892 1903 apud
916 1825 1041 1883 exteros
1061 1815 1210 1884 homiues
1234 1835 1349 1883 rerum

280 1931 504 2000 Romanarum
528 1931 612 2000 hene
632 1951 765 2018 guaros,
787 1929 832 1998 ita
852 1930 905 1997 ille
924 1929 1100 2018 putabatur
1115 1950 1209 1998 aures
1224 1930 1350 1997 summi

281 2046 442 2136 pontificis
464 2067 699 2136 preoccupare,
721 2056 758 2113 ut
783 2044 982 2113 Hincmarus
1001 2044 1187 2132 Remensis,
1202 2045 1256 2112 cui
1276 2054 1350 2113 tum

281 2163 432 2232 Nicolaus
453 2183 537 2251 papa
558 2160 734 2249 placandus
755 2170 836 2248 erat,
853 2160 894 2227 ad
907 2160 1040 2228 Arsenii
1064 2181 1140 2248 opes
1166 2159 1351 2247 confugerit

281 2297 424 2364 eumque
439 2275 534 2343 donis
549 2285 581 2343 et
598 2275 751 2344 laudibus
774 2277 925 2344 allectum
939 2275 1182 2363 deprecatorem
1197 2275 1239 2342 ad
1258 2296 1353 2343 sum·

271 2412 373 2460 ¹mum
387 2390 573 2477 pontificem
588 2391 707 2458 habere
721 2389 894 2479 voluerit²;
913 2390 1000 2478 quod
1017 2400 1066 2459 est
1082 2411 1120 2458 eo
1136 2391 1238 2476 magis
1256 2401 1353 2459 nota·

281 2506 371 2572 tiono
401 2504 554 2590 dignum,
582 2506 682 2592 quod,
710 2527 782 2592 quae
804 2506 1008 2574 ¹Hinemarus
1035 2526 1148 2574 recens
1175 2505 1352 2574 aNicolao

283 2641 397 2710 passus
412 2630 494 2707 erat,
510 2641 623 2688 eorum
637 2619 743 2689 luerat
757 2620 917 2690 Arseuius
930 2619 1183 2691 instimulator³.

327 2737 404 2805 llaec
426 2735 559 2822 quidem
583 2745 652 2804 acta
677 2744 755 2803 sunt
783 2745 926 2803 vertente
951 2756 1038 2816 anno
1065 2734 1169 2823 867⁴3
1194 2734 1352 2803 Nicolaus

281 2861 394 2920 autem
417 2864 466 2921 est
487 2861 637 2919 mortuus
659 2849 772 2918 eodem
793 2869 879 2916 anno
900 2859 1050 2937 exeunte,
1073 2849 1126 2917 die
1152 2852 1192 2916 13
1215 2870 1262 2917 m.
1289 2871 1354 2917 no·

283 2965 461 3052 vembris⁵;
479 2987 517 3035 er
529 2988 594 3054 quo
608 2974 696 3052 patet
710 2963 889 3032 inimicitiae
903 2965 980 3050 itte,
994 2985 1087 3052 quaS,
1100 2985 1136 3032 er
1152 2964 1245 3033 dictis
1259 2965 1354 3032 Aua-

284 3080 388 3167 stasii,
416 3082 444 3149 is
470 3080 614 3169 pontifex
638 3079 790 3147 habuerit
815 3099 891 3147 cum
917 3078 1070 3166 Arsenio,
1099 3099 1199 3166 quam
1235 3079 1353 3148 breves

311 3291 339 3348 ’1.
359 3315 371 3343 o
382 3297 541 3360 Belgaromm
555 3314 595 3349 rex
609 3298 685 3348 lilium
698 3314 769 3349 suum
780 3305 805 3349 et
818 3298 898 3364 plures
912 3314 940 3350 ex
952 3300 1094 3364 proceribus
1107 3299 1175 3362 regni
1190 3300 1226 3348 sui
1246 3300 1353 3351 Romam

281 3377 379 3439 direxit,
392 3385 417 3427 et
430 3393 497 3427 arma
510 3379 597 3444 quibus
611 3379 708 3429 indutus
717 3380 805 3443 luerat,
820 3379 914 3445 quando
924 3380 948 3428 in
957 3379 1046 3430 Christi
1061 3379 1157 3429 nomine
1167 3379 1197 3428 de
1206 3379 1255 3428 suis
1263 3379 1353 3429 adrer-

284 3457 352 3508 sariis
366 3456 530 3522 triumpharit,
545 3472 600 3507 eum
615 3457 668 3507 aliis
679 3458 747 3508 donis
758 3466 840 3508 sancto
854 3459 925 3509 Petro
939 3458 1102 3509 transmisit...
1117 3458 1269 3510 llludouieus
1283 3473 1353 3524 raro,

284 3537 359 3588 ltalia
373 3537 511 3601 imperator,
531 3537 576 3586 hoc
595 3537 704 3602 audiens,
723 3538 753 3586 ad
768 3537 891 3588 Nicolaum
905 3553 992 3603 papam
1006 3538 1081 3602 misit,
1093 3539 1181 3602 jubens
1199 3545 1226 3588 ut
1243 3553 1310 3588 arma
1324 3545 1355 3588 et

282 3617 330 3666 alia
343 3632 397 3682 qum
411 3631 451 3665 rer
466 3615 622 3678 Bulgarorum
632 3622 713 3667 sanctu
725 3618 797 3667 Petro
806 3619 913 3682 miserat,
928 3617 951 3667 ci
964 3618 1086 3681 dirigeret,
1101 3617 1130 3668 de
1141 3618 1229 3684 quibus
1240 3618 1354 3684 quiedam

284 3698 396 3747 Nicolaus
409 3711 470 3762 papa
490 3713 532 3762 per
552 3697 679 3748 Ausonium
698 3697 723 3746 ei
744 3698 882 3748 consistenti
900 3697 924 3747 in
944 3699 1052 3762 partibus
1069 3699 1243 3748 Beneventanis
1269 3703 1355 3747 traus-

284 3778 360 3841 misit,
375 3784 400 3828 et
415 3777 444 3827 de
459 3777 603 3843 quibusdam
621 3775 797 3826 excusationem
817 3777 949 3828 mandarit.
964 3797 978 3827 u
993 3776 1116 3829 lliucmari
1131 3778 1253 3841 Annales,
1265 3793 1289 3827 a.
1304 3779 1354 3829 866

282 3857 374 3920 (Pertz,
388 3860 408 3921 l,
424 3860 489 3922 tit).

315 3939 339 3987 2.
356 3939 412 3987 llaec
425 3939 521 3990 abunde
533 3938 637 3988 diximus
647 3935 672 3986 in
687 3941 768 3986 nostro
781 3936 907 4000 Prooemio,
922 3953 947 4002 p.
964 3940 1048 3992 16-18.

315 4017 340 4064 3.
358 4018 389 4067 V.
400 4017 470 4084 iufra,
483 4020 507 4069 in
521 4035 544 4070 c.
554 4031 581 4070 V.

317 4097 340 4143 1.
358 4095 473 4148 actardus
492 4101 567 4162 enim,
592 4098 716 4164 episcopus
736 4097 914 4162 Namnetensis,
937 4099 980 4164 qui
1001 4102 1031 4151 ab
1057 4103 1186 4153 Hiucmaro
1201 4101 1283 4165 iussus
1300 4103 1357 4147 erat

285 4173 412 4224 Amanium
425 4179 559 4244 conciliare,
570 4181 671 4231 Romam
680 4175 756 4242 venit,
764 4177 816 4241 jam
828 4183 919 4228 mortuo
931 4179 1039 4232 Nicolao.
1050 4183 1083 4236 V.
1097 4183 1122 4233 iu
1136 4179 1261 4240 Prcoemic,
1272 4179 1355 4241 p.·lt.

318 4255 342 4302 t.
356 4253 424 4317 raud,
438 4257 507 4322 deq„
521 4275 545 4324 p.
560 4261 615 4312 368.
