2960 5052
294 441 549 492 Anastastlrtl
572 440 720 490 lNGENll
741 439 860 489 Pttttla
882 439 1071 492 lectitent
1186 443 1216 490 59

152 585 216 652 teri
243 586 347 652 multo
372 583 502 671 grauiam
530 582 649 652 exarsit
672 580 848 671 contentio,
874 601 914 650 eo
947 581 1052 669 magis
1076 581 1164 670 quod
1189 581 1216 652 is

150 699 314 788 pontifex,
341 719 440 788 quem
465 699 599 787 quidem
624 697 763 768 Romani
789 697 829 766 ad
857 697 968 767 sedem
995 697 1215 786 apostolicam,

149 815 282 904 injussu
312 814 532 902 imperatoris,
555 813 808 901 produxerant¹,
826 813 993 882 illothario
1014 833 1051 882 ac
1074 812 1215 882 maxime

150 930 346 998 Hludowico
366 931 452 999 male
472 941 621 1018 acceptus
642 939 724 1016 erat,
751 938 848 1017 acque
871 927 940 1016 ipse
960 927 1089 998 factioni
1112 929 1217 1016 magis

150 1049 319 1118 nobilium
353 1048 577 1119 Romanorum
613 1067 713 1137 quam
745 1047 947 1116 Francorum
981 1046 1218 1134 imperatorum

150 1164 263 1234 lavere
279 1163 483 1234 videbatur2.

201 1279 263 1348 His
283 1278 385 1366 igitur
405 1278 507 1348 initiis
527 1280 720 1350 Anastasius
739 1279 838 1347 vitam
860 1277 1024 1366 publicam
1044 1297 1137 1347 orsus
1152 1287 1217 1365 cst;

150 1393 211 1462 hic
232 1393 304 1483 ejus
325 1394 426 1464 aetatis
439 1395 532 1483 quasi
547 1395 673 1484 primus
692 1403 794 1464 actus.
813 1395 856 1462 At
871 1395 925 1462 illa
942 1413 1015 1482 que
1028 1391 1145 1461 deinde
1159 1412 1218 1480 pa-

150 1509 267 1598 travit,
292 1508 363 1598 ejus
384 1510 557 1597 ingenium
577 1511 786 1598 indolemque
806 1510 912 1595 magis
926 1509 1025 1578 etiam
1040 1508 1216 1577 illustrant.

203 1623 262 1694 lll.
280 1624 412 1694 Etenim
436 1624 594 1714 septimus
605 1633 675 1694 erat
687 1624 816 1694 circiter
833 1645 940 1693 annus
954 1643 992 1692 er
1012 1643 1078 1710 quo
1090 1641 1220 1691 ercom-

153 1741 344 1808 municatus
360 1741 414 1808 ille
436 1740 605 1829 presbyter
619 1751 783 1810 errantem
804 1740 902 1808 vitam
917 1739 952 1807 in
964 1738 1075 1807 exsilio
1090 1735 1218 1824 agebat,

153 1874 238 1922 cum
264 1853 330 1923 Leo
352 1874 433 1943 papa
455 1853 503 1925 IV
529 1875 721 1944 supremum
744 1855 833 1924 diem
852 1852 966 1922 obiitt
993 1851 1090 1920 Haud
1115 1871 1217 1918 mora.

156 1969 276 2037 Clarus
289 1968 458 2064 Romanus
471 1969 677 2057 Romanique
696 1991 857 2058 proceres,
881 1969 938 2057 qui
955 1967 1137 2036 Hludowici
1158 1967 1222 2034 im-

155 2085 317 2172 peratoris
336 2083 477 2153 fautores
493 2093 683 2173 praevertere
696 2083 884 2173 cupiebant,
899 2077 1113 2152 Benedictum
1130 2101 1223 2168 pres·

155 2197 312 2287 hyberum
327 2200 362 2266 in
376 2220 545 2270 summum
566 2200 788 2288 pontificatum
802 2199 946 2286 legunt⁴,
962 2198 1167 2285 decretoque,
1187 2204 1224 2262 ut

157 2313 303 2403 solebat,
334 2314 528 2403 composito,
555 2316 678 2403 legatos
702 2316 743 2383 ad
768 2315 980 2404 imperatores
1004 2313 1141 2382 mittunt
1166 2309 1223 2399 qui

160 2449 284 2498 novam
304 2431 494 2500 electionem
516 2430 712 2500 denuntient
724 2429 749 2500 Ι.

206 2545 282 2613 Jam
300 2566 375 2616 vero
399 2545 432 2615 bi
454 2547 552 2634 legati
566 2547 758 2635 Eugubium
772 2555 998 2636 pervenerant,
1016 2567 1092 2615 cum
1111 2542 1225 2614 obvius

158 2661 210 2729 eis
224 2659 287 2728 fuit
299 2661 474 2748 Amemus,
487 2661 649 2732 Anastasii
663 2660 813 2751 parensl.
828 2663 894 2731 Nec
908 2662 996 2730 enim
1011 2661 1084 2747 iste,
1096 2669 1226 2727 mortuo

160 2778 273 2846 Leone
293 2776 354 2866 IV,
378 2780 501 2848 otiosus
520 2778 638 2867 luerat,
663 2779 720 2848 sed
743 2788 911 2867 paraverat
931 2778 1042 2846 omnia
1062 2785 1101 2845 ut
1121 2776 1226 2843 filium

161 2914 263 2962 suum
287 2893 329 2962 de
349 2894 460 2962 exsilio
483 2894 654 2964 reductum
677 2894 717 2963 ad
741 2894 851 2964 sedem
878 2892 1085 2983 apostolicam
1106 2890 1227 2978 produ·

197 3105 219 3152 1.
237 3103 270 3152 V.
287 3103 369 3153 Vitam
382 3103 471 3154 Leonis
485 3105 529 3168 IV,
543 3119 566 3156 c.
580 3117 631 3156 vul
646 3103 764 3170 (visuali,
781 3112 800 3155 t.
815 3105 861 3168 Ill,
876 3119 900 3169 p.
913 3103 964 3166 lb).

195 3185 221 3232 2.
238 3183 271 3232 V.
283 3197 312 3232 eu
325 3198 387 3248 que,
400 3184 425 3233 ln
439 3185 494 3236 Vita
503 3185 592 3235 Leonis
601 3186 614 3235 l
617 3186 645 3251 V,
654 3185 684 3236 de
690 3185 932 3247 Gratiannmagtnro
945 3184 1051 3234 militum
1066 3187 1092 3232 et
1108 3180 1227 3246 superista

164 3266 290 3312 narrantur
319 3263 436 3327 (vignoli,
461 3271 479 3315 t.
505 3266 551 3329 lll,
576 3281 601 3330 p.
628 3265 691 3329 lto).
717 3268 798 3332 laque
822 3265 895 3315 etiam
921 3265 1043 3314 notatione
1060 3263 1162 3326 dignum
1181 3266 1227 3324 eat,

165 3349 287 3392 auctorem
301 3343 411 3406 ejusdem
421 3344 483 3395 Vita
495 3345 542 3395 hoe
556 3345 631 3395 Leoni
645 3347 679 3396 tv
691 3345 756 3396 laudi
767 3345 862 3396 dedisse
874 3344 939 3410 quod
951 3359 1029 3395 «suos
1040 3345 1160 3396 Romanoa
1173 3359 1226 3410 pro·

165 3436 231 3472 ceree
241 3421 359 3484 diligebat
367 3439 392 3473 c.
410 3423 528 3489 (Viguoli,
544 3425 613 3487 thiu,
629 3441 653 3490 p.
666 3427 732 3490 121.)

197 3505 222 3552 3.
238 3503 284 3552 Die
297 3503 398 3568 septimo
412 3503 504 3555 decimo
517 3505 606 3555 mensis
619 3505 678 3556 tulii
690 3521 712 3556 a.
727 3507 782 3558 855.
797 3505 835 3556 cl,
847 3503 917 3568 dalle,
931 3519 956 3571 p.
970 3506 1026 3556 339.

197 3584 222 3631 Ι.
239 3584 314 3632 «Leo
324 3583 420 3648 quidem
434 3584 474 3633 ubi
491 3584 534 3634 bac
547 3585 599 3635 luce
608 3585 745 3635 subtractus
759 3584 843 3650 presul
858 3585 979 3648 occubuit,
994 3600 1048 3634 mox
1059 3585 1136 3634 omnis
1149 3585 1226 3636 clerus

164 3658 234 3711 iatius
257 3664 370 3713 Romanae
394 3671 507 3727 protecta
528 3664 592 3714 sedis
616 3666 767 3730 urrirersique
784 3679 894 3731 proceres
914 3670 1062 3730 cunctusque
1078 3665 1181 3730 populus
1197 3681 1225 3716 ac

166 3748 291 3794 senatus...
308 3758 355 3792 uno
371 3759 488 3795 consensu
502 3760 596 3810 unoque
609 3759 666 3794 eum
682 3745 807 3794 conamine
821 3745 1007 3795 Benedictum...
1022 3745 1158 3808 pontificem
1174 3761 1229 3810 pro·

166 3823 335 3885 mulgarerunt
343 3823 441 3886 eligere.
453 3842 466 3872 a
481 3826 537 3875 Vita
551 3825 679 3875 Benedicti
694 3825 732 3876 Ill
741 3824 859 3890 (vignoli,
873 3831 890 3875 t.
902 3825 946 3886 lll,
960 3839 985 3888 p.
1002 3826 1067 3886 115).

197 3906 221 3954 5.
241 3903 298 3954 Vua
312 3904 441 3954 Benedicti
461 3905 501 3955 Ill
519 3904 599 3968 (ibid,
614 3920 638 3970 p.
653 3906 717 3969 116).
730 3905 869 3956 lllothariua
883 3905 1025 3967 autemjam
1041 3903 1170 3953 moriturus
1182 3912 1233 3956 erat

168 3983 202 4047 (r.
228 3982 354 4034 Prudentii
370 3984 493 4045 Annales,
517 4001 540 4034 a.
565 3987 620 4050 855,
637 3988 717 4051 Partz,
730 3993 750 4036 t.
762 3988 782 4046 l,
797 4002 823 4052 p.
834 3985 905 4049 tt9);
925 3990 1070 4049 quapropter
1081 3985 1234 4037 llludowicua

167 4077 218 4112 rem
231 4067 316 4127 totam,
329 4064 446 4114 arbitratu
460 4079 513 4129 eoo,
528 4079 612 4127 gerere
626 4066 712 4131 poluit.
899 4118 905 4127 k

198 4146 213 4192 6
241 4160 255 4190 u
269 4145 350 4207 lpsom
372 4149 454 4193 autem
475 4145 517 4209 qui
537 4146 687 4197 deducebant
709 4146 784 4208 legati
802 4143 1049 4207 deorsumperant
1068 4145 1101 4207 hl,
1124 4147 1234 4198 Nicolaus

169 4223 281 4272 videlicet
293 4225 425 4286 anagninae
442 4227 541 4277 antistes
557 4225 673 4292 ecclesie,
686 4234 711 4278 et
727 4226 860 4278 Mercurius
877 4224 993 4286 magister
1007 4225 1120 4291 militum,
1136 4230 1234 4278 arsenio

170 4304 275 4365 Eugubii
297 4304 367 4368 (mss.
387 4305 496 4369 Esubi05
521 4307 570 4359 rid.
595 4307 666 4368 inira,
692 4323 716 4372 p.
728 4307 769 4370 62)
792 4305 915 4356 obviantes
941 4304 1052 4372 episcopo
1075 4308 1105 4358 ad
1134 4309 1234 4359 invicem
