2944 5060
482 489 673 540 tresnnlx
701 489 814 540 PRIOR
1134 492 1176 540 32¹

115 629 303 686 ordinatores
316 645 429 702 quoque
438 631 677 702 meiRhcmensis
687 629 841 702 provincie
851 629 1026 701 suffraganei
1041 630 1177 703 episcopi,

114 736 192 791 saepe
209 718 327 792 passim,
344 718 393 775 sed
408 722 437 774 et
453 719 483 774 in
499 719 609 792 synodo
624 719 744 792 professi
762 719 879 774 luerunt
900 717 995 775 eidem
1013 719 1104 775 libeni
1121 736 1179 776 non

114 807 343 863 communicasse
367 807 396 862 in
420 807 465 863 his
487 807 563 863 unde
589 808 683 863 suerat
716 807 990 871 excommunicatus,
1016 806 1069 863 nisi
1091 807 1178 864 modo

114 895 207 950 frater
219 895 376 963 Rothadm,
392 898 423 950 ut
439 895 557 967 quidam
571 900 683 968 putant,
700 913 786 953 causa
797 915 875 970 erga
894 914 942 954 me
963 896 1025 963 zeli,
1040 895 1088 968 qui
1103 912 1181 951 eum·

117 985 185 1040 dem
205 987 332 1041 Ebonem
356 985 513 1050 damnavit,
540 990 569 1041 et
593 1003 641 1042 me
665 987 763 1059 elegit,
778 1004 811 1043 ac
835 1004 902 1044 eum
925 987 1026 1043 ceteris
1042 984 1182 1059 episcopis

118 1074 269 1143 ordinavit,
284 1076 313 1129 et
329 1074 378 1146 qui
393 1074 497 1130 dicitur
511 1075 606 1131 dicere
622 1074 832 1149 quodquidam
849 1076 974 1149 episcopi
987 1094 1004 1131 a
1019 1074 1182 1147 saepedicto

116 1164 215 1219 Ebone
240 1164 360 1218 annulos
393 1167 422 1218 et
445 1165 562 1220 baculos
598 1166 775 1237 acceperint,
802 1184 868 1222 curn
895 1165 1028 1239 quaedam
1059 1163 1183 1236 synodus

118 1253 273 1321 Gallicana,
291 1269 354 1324 quae
373 1253 510 1309 Toletana
534 1258 660 1323 vocatur,
677 1255 753 1310 dicat
768 1271 775 1310 :
792 1258 951 1327 Episcopus,
970 1254 1184 1326 presbyteratus

118 1344 260 1410 diaconus,
274 1344 298 1397 si
313 1358 331 1396 o
343 1343 493 1412 pradasco
506 1345 609 1414 injuste
624 1345 753 1415 dejectus,
771 1346 801 1400 in
815 1345 933 1400 secundo
947 1343 1049 1414 synodo
1061 1345 1185 1398 innocens

118 1433 284 1504 reperiatur,
300 1447 353 1486 non
366 1437 454 1504 potest
470 1447 527 1488 esse
542 1433 615 1504 qaod
628 1435 731 1501 suerat,
745 1435 802 1489 nisi
816 1434 922 1504 prodas
936 1435 1046 1488 omissos
1061 1433 1184 1502 recipiat,

120 1523 250 1592 quoniam
260 1521 328 1592 (leg.
341 1522 464 1592 recipiat)
481 1538 571 1578 coram
583 1523 683 1578 altario
696 1521 727 1578 de
740 1539 825 1578 maan
840 1525 1034 1594 episcoporum,
1047 1523 1072 1577 si
1086 1523 1187 1593 episco-

116 1625 171 1681 pus
188 1614 237 1678 est,
253 1613 385 1678 orarium,
406 1612 537 1666 annulum
561 1616 586 1666 et
608 1611 748 1681 tamtam
767 1614 796 1666 et
817 1611 857 1666 sic
872 1610 991 1667 demum
1011 1609 1046 1665 de
1067 1609 1186 1682 reliquis

120 1698 305 1772 persequitur
331 1699 467 1771 gradibus
481 1700 504 1756 ¹.
531 1698 611 1756 Unde
633 1703 744 1756 constat
768 1700 835 1772 quia
855 1699 948 1756 isdem
967 1699 1027 1755 Eho
1047 1699 1184 1772 dejectus,

121 1787 280 1844 secundnm
294 1788 370 1843 hane
385 1788 634 1858 constitutionem,
648 1789 685 1844 ab
700 1788 840 1862 episcopis
854 1790 994 1844 annulum
1010 1791 1038 1843 et
1051 1788 1187 1844 baculum

122 1875 263 1948 accipere,
278 1880 307 1932 et
322 1894 379 1932 non
398 1877 538 1950 episcopis
554 1878 624 1933 dare
642 1878 789 1934 debuerat.
803 1881 837 1934 Et
853 1878 921 1951 quia
936 1877 1083 1949 Scriptura
1097 1875 1165 1932 dicit
1177 1891 1199 1930 ι,

121 1967 147 2022 Α
158 1967 225 2036 filiis
237 1970 293 2022 teis
307 1982 379 2036 cone,
389 1970 415 2022 et
425 1983 442 2022 c
451 1967 602 2023 domesticis
614 1970 669 2023 tuis
680 1968 795 2036 attende,
810 1970 838 2023 et
850 1967 1045 2039 unusquisque
1058 1982 1087 2021 se
1097 1982 1114 2020 a
1123 1981 1187 2036 pro·

121 2055 201 2110 ximo
217 2071 269 2110 suo
283 2054 436 2126 custodiat,
451 2055 522 2111 etin
537 2055 617 2112 omni
632 2056 721 2112 tratre
736 2073 786 2112 suo
802 2073 860 2113 non
874 2055 980 2112 habeat
993 2053 1142 2122 fiduciam,
1159 2055 1188 2108 et

121 2146 228 2200 inimici
247 2145 363 2200 bominis
384 2145 523 2201 domestici
541 2147 611 2216 ejas,
627 2161 681 2217 ego
703 2163 755 2217 per
769 2145 889 2201 missum
897 2161 996 2201 meum
1011 2141 1188 2214 exemplaria

123 2233 299 2305 scriptorum
313 2250 405 2305 nuper
427 2233 457 2289 in
481 2236 589 2306 synodo
610 2234 688 2306 apud
706 2236 807 2290 Trecas
821 2234 964 2290 factorum
978 2234 1136 2301 mitterem,
1151 2248 1188 2286 ne

123 2322 199 2378 sorte
216 2322 251 2378 ab
266 2321 366 2377 amicis
381 2322 464 2394 meis,
481 2335 604 2395 quorum
618 2322 834 2378 infestationem
848 2323 955 2395 patior,
972 2323 1070 2395 aliqua
1083 2323 1187 2377 fortas-

124 2411 161 2466 sis
191 2427 260 2482 erga
282 2427 330 2466 me
355 2410 446 2466 ineis
469 2411 670 2483 compilentur,
695 2412 718 2468 si
747 2412 846 2481 solide,
862 2416 981 2486 propter
996 2411 1189 2484 quorumdam

123 2497 305 2574 principum²
330 2515 400 2571 erga
422 2516 470 2555 me
495 2502 731 2570 commotionem,
753 2502 855 2573 quibus
874 2501 910 2556 ad
931 2518 982 2556 sua
996 2505 1062 2556 vota
1075 2500 1189 2571 placere

125 2606 184 2645 non
199 2589 303 2658 audeo,
332 2589 404 2644 sicut
424 2588 470 2645 hic
487 2590 623 2662 praeiatus
640 2590 811 2647 venerabilis
827 2594 855 2646 et
878 2590 1067 2646 consacerdos
1091 2592 1190 2644 noster
1245 2593 1248 2600 “

125 2678 204 2735 vobis
216 2678 279 2734 viva
293 2693 361 2734 voce
378 2678 474 2734 dicere
488 2683 593 2751 potest,
609 2681 747 2736 valerem.
768 2681 808 2734 De
832 2696 889 2752 quo
904 2679 1051 2734 carissimo
1067 2682 1096 2734 et
1114 2678 1190 2733 fidis-

125 2767 199 2823 simo
214 2767 303 2822 fratre
317 2769 346 2822 et
359 2768 516 2824 venerabili
528 2785 561 2824 ac
578 2768 713 2842 prudenti
726 2768 871 2841 episcopo,
889 2771 1013 2824 vestram
1028 2771 1092 2840 peto
1108 2767 1191 2822 indu-

125 2857 206 2912 biam
221 2856 379 2924 caritatem,
396 2859 427 2911 ut
445 2857 552 2914 domno
573 2858 738 2929 apostolico,
756 2861 784 2912 et
797 2856 874 2930 patri
888 2855 1004 2911 nostrot
1019 2856 1139 2911 Arscnio
1162 2858 1191 2910 et

127 2943 229 3001 ceteris
243 2945 433 3001 familiaribus
445 2946 543 3002 vestris
552 2964 620 3003 eum
630 2946 849 3015 commendetis,
860 2948 888 3001 at
900 2947 961 3018 ejus
976 2944 1191 3000 necessitatibus

128 3038 215 3108 atque
229 3033 448 3090 rationabilibus
462 3035 650 3107 petitionibus
671 3053 723 3108 pro
742 3035 849 3091 viribus
864 3033 1050 3091 concurratis.
1070 3035 1103 3088 Et
1118 3049 1190 3105 quo·

128 3125 218 3192 niam,
235 3121 351 3195 quando
362 3123 400 3178 ad
413 3125 556 3197 synodum
568 3125 646 3198 apud
658 3127 761 3181 Trecas
775 3124 849 3194 veni,
865 3141 924 3179 non
936 3123 1033 3196 putavi
1044 3141 1111 3178 eum
1125 3139 1192 3178 cum

128 3211 273 3283 legatione
299 3213 431 3284 synodali
459 3230 492 3268 ex
513 3213 576 3287 ipsa
595 3214 703 3286 synodo
719 3215 842 3271 Romam
857 3212 975 3280 iturum,
991 3212 1061 3267 talia
1083 3212 1128 3268 vel
1152 3210 1193 3267 ita

127 3305 274 3376 condigna
288 3306 389 3362 exenia
401 3323 518 3362 meeum
532 3324 590 3363 non
602 3308 695 3377 attuli,
709 3312 741 3364 ut
760 3307 866 3363 domno
881 3305 1047 3378 apostolico,
1063 3309 1091 3360 et
1105 3305 1192 3360 earis-

128 3395 202 3450 simo
217 3394 293 3466 patri
306 3395 423 3452 nostro⁴
445 3395 576 3464 Arsenio,
601 3413 634 3450 ao
659 3395 739 3452 vobis
762 3395 905 3466 condigne
921 3394 1036 3450 mittere
1060 3409 1190 3465 possem;

129 3486 158 3538 et
184 3485 250 3556 post
271 3484 414 3556 synodum
439 3484 476 3539 ad
498 3484 643 3540 civitatem
667 3488 797 3541 nostram
828 3484 960 3540 infirmus
984 3498 1138 3539 remanens
1162 3481 1192 3538 in

159 3653 184 3702 l.
205 3651 238 3701 ll.
262 3650 363 3702 concilii
385 3651 492 3703 Toletani
513 3667 535 3703 c.
559 3663 636 3704 xxv11
660 3653 810 3719 (llinschins,
836 3653 977 3704 Decretales
997 3653 1192 3704 Pseudo-Isido-

128 3732 218 3792 rioaoe,
232 3746 257 3797 p.
273 3731 366 3795 ees-9).

160 3815 184 3862 2.
202 3812 314 3862 carolum
325 3811 428 3862 Caluum
441 3819 510 3862 caute
523 3812 653 3874 significat.

160 3893 185 3942 3.
196 3891 234 3942 Ita
244 3891 269 3940 in
280 3891 361 3942 codice
374 3892 536 3943 Laudunensi.
552 3893 731 3956 Hergenrother
739 3893 815 3957 card,
827 3895 873 3944 etsi
885 3893 1068 3944 Anastasianam
1079 3894 1194 3945 familiam

129 3986 176 4022 non
192 3971 263 4036 plane
275 3977 426 4038 perspectam
440 3971 534 4037 habuit,
550 3979 631 4024 tamen
647 3975 692 4024 hoc
705 3973 756 4024 loco
766 3973 896 4035 legendum
908 3989 960 4024 esse
975 3975 1062 4040 «patri
1075 3981 1154 4024 vestro
1168 3991 1193 4036 n,

129 4067 178 4102 nou
191 4067 206 4100 c
220 4052 282 4117 patri
297 4059 375 4102 nostro
389 4070 415 4116 u,
436 4053 509 4105 dubie
525 4053 622 4118 quidem
637 4055 762 4119 proposuit
775 4055 899 4119 (Pbotius,
913 4061 932 4105 t.
948 4055 980 4118 ll,
995 4069 1019 4119 p.
1035 4057 1091 4118 235,
1104 4069 1129 4104 n.
1144 4054 1194 4118 loy

130 4131 195 4196 quod
206 4137 271 4182 certe
284 4138 310 4182 et
320 4133 350 4182 ad
359 4134 485 4184 satiatem
499 4134 702 4196 accommodatur,
714 4141 740 4184 et
749 4135 810 4184 bene
824 4134 925 4199 quadrat
938 4149 993 4184 cum
1008 4134 1037 4183 iis
1055 4136 1196 4185 detesteris

130 4211 290 4262 familiaribus
307 4213 393 4262 vestris
406 4232 418 4260 s
440 4229 493 4279 qua
509 4221 653 4278 sequuntur3
672 4229 729 4263 cum
751 4211 881 4278 praesertim
900 4213 1006 4278 episcopi
1028 4213 1058 4264 de
1078 4214 1196 4279 episcopis

131 4292 267 4357 loquentes,
285 4307 331 4342 non
345 4308 384 4343 eos
400 4311 413 4341 a
424 4301 505 4358 patres
514 4313 538 4358 u,
556 4294 600 4345 sed
615 4295 727 4345 «iratres
736 4313 748 4340 u
765 4293 884 4359 appellare
898 4293 1009 4346 solerent.

164 4374 187 4422 t.
203 4373 235 4421 V.
247 4377 329 4422 notam
344 4373 499 4437 superiorem.

1044 4467 1072 4514 21
