2954 5050
530 444 708 498 rottrttrtt
729 445 847 500 vertit
1169 448 1216 502 249

141 586 404 670 ,condemnatum
442 587 563 657 babere
592 599 624 657 et
652 588 737 658 sedis
770 589 927 660 Romane
951 590 1090 678 imperio
1117 592 1219 662 obse·

147 713 307 792 quentem
323 723 392 773 esse
415 703 661 794 profitebatur¹.
682 704 746 775 Sed
766 705 867 774 libelli
881 706 933 776 rix
949 716 1043 776 erant
1055 707 1166 776 traditi
1179 709 1216 784 in

147 837 269 888 manus
283 820 464 907 legatorum
476 820 725 910 pontificalium,
744 821 801 911 qni
816 842 870 892 eos
884 821 1024 892 Romam
1037 822 1214 912 deferrent,

147 957 228 1006 cum
257 936 422 1024 episcopos
456 937 640 1024 complures
664 936 737 1006 lacti
764 937 927 1026 poenituit,
953 947 1049 1026 etque
1073 938 1218 1028 imperc-

146 1062 267 1140 torem,
284 1062 320 1122 ut
340 1055 408 1121 haec
424 1053 543 1140 scripta
562 1062 735 1141 repeteret,
756 1055 850 1122 enixe
869 1063 1028 1142 rogarunt
1037 1052 1062 1124 ².
1086 1054 1217 1136 Quibus

148 1168 301 1256 precibus
326 1168 559 1256 obtemperavit
577 1165 738 1258 Basilius3
763 1169 834 1258 sed,
858 1169 1014 1258 quoniam
1036 1172 1098 1238 hec
1119 1171 1157 1240 in
1179 1193 1215 1242 re

147 1283 258 1370 dolus,
293 1304 359 1352 non
388 1282 437 1354 ris
461 1283 646 1354 adhibenda
677 1284 860 1374 videbatur,
888 1286 951 1374 ipsi
979 1285 1129 1358 custodes
1159 1287 1217 1376 qui

147 1401 276 1470 libellos
304 1400 390 1470 tueri
420 1421 456 1469 ae
481 1421 670 1471 conservare
697 1401 896 1490 debuerunt,
927 1402 1013 1490 jussi
1044 1412 1214 1494 sentens,

147 1516 232 1587 dnm
253 1515 339 1586 sedis
364 1517 544 1604 apostolico
566 1517 664 1605 legati
687 1516 783 1587 domo
807 1519 970 1607 abessent,
988 1517 1075 1588 lurto
1090 1520 1216 1590 subdu-

179 1724 206 1776 l.
221 1723 278 1772 Hac
294 1720 431 1772 libellorum
444 1720 543 1772 historia
556 1737 610 1772 cum
627 1722 653 1772 in
669 1721 728 1773 Vita
741 1721 859 1774 Hadriani
875 1722 908 1784 ll,
930 1728 983 1773 tum
1004 1723 1035 1773 ab
1049 1723 1176 1775 bnastmio
1192 1725 1217 1775 in

145 1803 218 1856 Notis
232 1802 262 1852 ad
276 1804 336 1853 Acta
345 1801 428 1868 synodi
437 1804 496 1853 Vlll
506 1802 633 1868 impositis,
645 1803 779 1868 conscripta
788 1809 833 1866 est,
844 1802 885 1853 sed
899 1819 927 1854 ea
940 1804 1066 1866 varietate,
1081 1819 1109 1854 eo
1123 1805 1216 1856 diverso

145 1883 228 1936 studio
238 1887 266 1933 ut
276 1898 305 1933 ex
316 1882 360 1933 hoe
373 1887 455 1947 pateat
468 1881 533 1934 illam
550 1883 665 1934 Hadriani
686 1885 708 1934 ll
724 1883 805 1933 Vitam
821 1881 1003 1934 bibliothecario
1017 1889 1098 1934 nostro
1112 1883 1215 1934 adscribi

144 1979 195 2016 non
207 1977 286 2029 posse.
296 1964 358 2015 Cum
372 1963 436 2013 enim
445 1963 585 2014 Anastasius
599 1978 624 2014 se
633 1965 678 2014 bac
690 1965 714 2014 in
726 1979 753 2014 re
761 1964 841 2014 omnia
850 1963 934 2016 lenisse
948 1963 1065 2025 glorietur
1079 1963 1151 2029 idque
1165 1971 1215 2018 tam

145 2046 278 2112 prudenter
291 2059 364 2110 quam
374 2044 484 2109 feliciter,
493 2044 585 2107 legatos
598 2059 655 2095 rero
667 2044 731 2094 sedis
743 2044 877 2109 apostolicos
888 2044 922 2094 ita
936 2044 1047 2109 imperite
1061 2050 1103 2094 aut
1116 2045 1216 2095 misera·

145 2125 240 2190 biliter,
268 2131 295 2175 nt
322 2126 410 2190 scripta
435 2125 516 2175 omnia
540 2125 586 2174 sibi
609 2125 737 2175 commissa
759 2125 906 2188 amitterent,
935 2130 1017 2174 auctor
1045 2129 1127 2174 eontra
1151 2125 1215 2175 Vite

145 2206 275 2270 Hadriani,
290 2221 427 2272 quanquam
440 2205 649 2257 bibliothecarium
663 2205 746 2256 multis
760 2205 829 2256 ellert
848 2205 961 2255 laudibus
980 2205 1052 2271 eique
1070 2211 1165 2272 partem
1182 2221 1208 2258 re

146 2289 265 2351 majorem
274 2287 370 2355 tribuit,
379 2293 460 2337 tamen
475 2286 567 2349 legatos
583 2285 717 2351 pontificios
729 2284 798 2351 culpa
807 2285 910 2336 levitatis
921 2285 1018 2346 liberat,
1029 2284 1112 2338 laudat
1121 2286 1215 2336 illorum

146 2366 311 2432 prudentiam,
324 2374 445 2432 negatque
456 2367 552 2418 eosdem
561 2366 669 2417 omnium
683 2367 826 2431 scriptorum
832 2368 953 2431 jacturam
963 2366 1057 2417 secisse.
1067 2368 1216 2432 Quapropter

145 2447 265 2514 quidquid
280 2447 376 2497 intersit
389 2447 451 2498 inter
465 2430 592 2513 utran'rque
605 2447 765 2497 narrationem
778 2446 880 2497 subinde
896 2452 967 2511 atque
979 2446 1064 2498 ordine
1075 2461 1216 2513 proponam,

146 2533 175 2578 nt
189 2532 259 2578 retus
270 2526 311 2578 illa
325 2527 354 2578 de
363 2527 488 2578 Anastasio
502 2527 565 2580 Vitae
572 2527 688 2578 Hadriani
696 2529 718 2578 ll
728 2527 842 2593 scriptore
851 2526 969 2593 cantilena
979 2526 1078 2579 tandun
1088 2526 1215 2594 aliquando

145 2607 237 2659 valeat.

178 2693 204 2742 2.
222 2692 268 2743 flio
278 2693 330 2756 jam
344 2693 520 2744 animadvertas
534 2693 674 2758 scriptorem
683 2693 746 2744 Vitae
757 2693 875 2744 Hadriani
886 2698 911 2744 et
923 2693 1077 2744 Anastasium
1089 2708 1136 2744 non
1145 2693 1217 2760 plane

145 2775 295 2836 consentire3
309 2791 365 2825 nam
375 2790 405 2825 er
418 2776 482 2825 vite
496 2775 633 2826 narratione
647 2775 723 2826 Greci
733 2775 837 2841 episcopi
851 2774 1010 2839 chirographa
1022 2789 1066 2825 sua
1075 2789 1216 2840 recuperare

144 2854 288 2919 voluissent,
303 2869 349 2905 non
360 2855 436 2906 solum
449 2856 504 2921 quia
514 2856 538 2905 in
548 2856 583 2906 eis
596 2856 726 2906 auctoritas
739 2855 802 2906 sedis
812 2858 924 2906 Romana>
935 2855 1037 2904 nimium
1052 2855 1215 2920 extolleretur,

146 2936 319 2985 verumetiam
337 2936 394 3001 qnia
405 2935 477 2998 legati
492 2935 640 3001 pontificales
652 2936 719 2986 lotis
733 2935 826 2985 concilii
841 2935 1030 3000 subscripserant
1041 2934 1087 2984 hac
1101 2935 1215 2999 prudenti

145 3014 300 3079 condicione,
318 3015 338 3064 ei
357 3014 492 3066 Hadrianus
513 3031 574 3083 papa
592 3031 621 3067 ea
639 3017 738 3081 probata
758 3015 858 3066 baberet
876 3015 909 3080 (r.
926 3016 1009 3066 Vitam
1029 3015 1160 3066 Hadriani
1179 3018 1214 3081 ll,

145 3110 169 3148 c.
180 3107 295 3160 xo111‚p.
308 3095 375 3161 tlt).
389 3096 469 3156 Quam
478 3097 632 3162 prudentiam
643 3097 777 3159 legatorum
786 3096 927 3147 Anastasius
941 3095 1037 3146 silentio
1048 3095 1183 3162 preteriit:

185 3249 221 3290 EX
236 3250 297 3289 vtrn
313 3250 445 3290 edomant
459 3252 491 3302 11,
506 3251 529 3290 C.
546 3251 619 3291 nstv·
706 3251 1145 3292 EXANASTASIINOTISINSYNODUM
1152 3252 1212 3292 Vlll·

181 3371 196 3404 c
210 3354 254 3405 llis
274 3355 384 3420 expletis,
403 3355 500 3420 qnidam
519 3357 655 3407 Graeeorum
737 3357 850 3406 «Verum
860 3362 985 3420 postquam
997 3370 1079 3406 omnes
1089 3356 1213 3419 chirogra-

146 3437 317 3502 imperatorem
330 3435 483 3497 conveniunt,
497 3443 523 3487 et
540 3438 657 3488 Constan-
705 3434 752 3498 pha
763 3449 806 3485 sua
817 3435 935 3500 lecerunt,
950 3440 974 3485 et
988 3436 1090 3487 testibus
1103 3435 1213 3486 roborata

143 3515 330 3582 tinopolitanem
352 3515 479 3566 eeclesiam
504 3532 547 3583 per
564 3517 655 3568 oblatos
704 3513 862 3578 tradiderunt,
884 3522 1038 3566 surrexerunt
1056 3515 1154 3580 quidam
1176 3530 1215 3565 eo

143 3597 241 3650 libellos
260 3597 285 3646 in
305 3602 446 3661 potestatem
466 3598 597 3648 Romanam
616 3614 655 3649 re·
705 3609 768 3660 rnrn,
782 3601 807 3645 et
819 3595 849 3644 ad
864 3596 1042 3646 sanctissimum
1054 3595 1212 3661 patriarcham

144 3677 242 3728 dacum
268 3676 381 3727 flebiliter
408 3684 594 3743 conqueruntur,
622 3693 655 3729 etc
703 3677 826 3737 ignatium
836 3681 907 3741 atque
917 3678 946 3727 ad
958 3677 1075 3726 Basilinm
1085 3677 1152 3741 pium
1166 3677 1213 3726 im-

141 3758 273 3810 dubietnte
306 3756 529 3822 subsortitionem.
567 3759 655 3809 Omnia
704 3762 837 3822 peratorern
859 3757 1012 3821 accedentes,
1034 3762 1124 3808 secreto
1148 3757 1213 3807 dire·

143 3853 199 3904 qua
208 3838 234 3886 in
247 3837 336 3902 synodo
351 3837 447 3888 decreta
461 3838 565 3902 luerent,
576 3839 653 3890 rerol-
704 3843 768 3900 runt,
788 3852 836 3887 non
858 3837 918 3887 bene
938 3837 1029 3887 laetum
1049 3838 1132 3902 luisse,
1149 3836 1213 3902 qnod

143 3917 224 3970 rende
249 3924 382 3982 cuneoque
407 3919 508 3970 residuis
534 3920 653 3970 erroribus
704 3917 834 3968 Ecclesiam
845 3917 1132 3980 constantinopolitanam
1145 3922 1214 3967 tante

143 3998 311 4050 contundenda
323 3997 436 4063 latentur,
454 4005 479 4050 et
496 3999 542 4049 nisi
559 3999 653 4051 libellos
703 3999 850 4063 subjectione
870 3999 983 4048 Romanae
1006 3997 1075 4047 subdi
1099 3997 1213 4049 Ecclesia

143 4079 289 4143 reciperent,
313 4077 452 4130 libertatem
474 4079 601 4143 pristinem
627 4095 653 4132 se
703 4078 866 4144 permiserint,
889 4077 922 4126 ita
941 4083 968 4126 ut
987 4077 1047 4127 hanc
1061 4079 1084 4128 ei
1096 4084 1211 4145 tanquam

142 4172 192 4210 non
204 4173 273 4224 posse
287 4157 392 4224 recipere
407 4159 512 4223 fingunt.
529 4176 543 4207 u
702 4159 803 4209 domino
814 4156 924 4208 ancillam
937 4157 1090 4210 tradiderint.
1102 4177 1116 4208 o
1209 4193 1210 4198 η

363 4239 480 4304 (viganti,
495 4255 520 4305 p.
537 4242 605 4303 245.)
733 4239 833 4304 (trigue,
847 4243 866 4288 t.
881 4238 991 4303 CXXIX,
1008 4253 1034 4303 p.
1056 4243 1102 4304 583
1122 4241 1213 4306 coleti,

762 4324 783 4370 t.
795 4319 828 4384 X,
841 4333 866 4384 p.
882 4319 975 4384 tet-s).
