3006 5050
258 453 303 500 les
458 449 694 501 tunsrasuts
716 449 874 500 Nicoblll
900 451 908 498 Ι
933 450 1115 501 LITTERAS

303 598 334 661 l.
358 591 600 679 Ostendebam,
614 592 651 659 in
677 593 785 680 primo
808 593 913 681 capite
937 591 1037 680 hujus
1062 593 1188 680 operiS,
1218 611 1321 679 qnam

256 709 351 796 pauci
364 707 498 794 fuerint,
528 706 583 774 illa
607 717 711 794 aetate,
738 707 879 776 Romani
894 706 980 774 docti
1005 707 1235 794 scribendique
1251 718 1322 776 arte

255 822 456 910 peritissimi,
484 843 522 890 ea
543 832 654 890 tamen
675 832 823 910 tempora
837 825 1015 911 postulasse
1035 822 1191 890 doctrinae
1209 821 1325 891 multi·

255 936 349 1026 plicis
371 937 561 1026 etcopiose
591 938 689 1025 viros,
713 937 851 1006 eumad
877 937 989 1006 sedem
1014 938 1222 1026 apostolicam
1246 947 1323 1006 tum

256 1051 370 1120 delatae
389 1052 456 1120 sint
479 1053 590 1121 multae
614 1073 795 1140 gravesque
823 1053 1032 1140 questiones,
1056 1072 1133 1120 cum
1151 1054 1219 1140 jus,
1242 1051 1324 1140 dog·

256 1177 361 1254 mata,
397 1167 576 1255 discipline
614 1168 744 1257 aliaque
785 1168 1008 1238 ecclesiastica
1050 1169 1252 1256 antiquitatis
1289 1177 1325 1237 et

255 1283 398 1352 historice
417 1283 453 1351 in
468 1283 737 1370 disceptationem
755 1285 916 1364 venerint,
935 1284 1040 1373 deque
1067 1284 1118 1352 bis
1140 1284 1241 1352 rebus
1254 1283 1324 1351 llo-

256 1419 375 1468 manus
399 1397 540 1486 pontifex
564 1399 715 1467 debuerit
739 1421 816 1468 cum
837 1399 1041 1468 Francorum
1068 1398 1324 1486 Graecorumque

257 1513 452 1582 doctissimis
475 1515 590 1582 luctari
612 1524 645 1583 et
667 1513 864 1604 congredi¹3
884 1515 1088 1603 quamfacile
1106 1516 1212 1602 igitur
1236 1516 1326 1583 inter

257 1631 395 1717 aequales
410 1629 604 1698 Anastasius
618 1630 741 1719 primas
756 1631 867 1698 tulerit
894 1652 1052 1719 suamque
1066 1652 1200 1718 operam
1226 1652 1324 1698 sum-

256 1745 319 1813 mis
347 1745 553 1833 pontificibus
585 1755 750 1834 prestare,
782 1767 824 1814 ne
847 1745 953 1814 dicam
981 1746 1145 1833 infligere,
1163 1747 1321 1834 potuerit,

256 1861 309 1929 cui
332 1883 408 1931 cum
427 1881 547 1949 genere
567 1861 669 1929 nobili
693 1861 936 1951 factionumque
957 1861 1106 1950 praesidio
1134 1861 1324 1951 suppedita-

255 1978 337 2045 bant
348 1987 381 2046 et
394 1977 566 2065 ingenium
580 1998 646 2044 uon
660 1977 835 2063 mediocre,
860 1986 893 2045 et
915 1977 1080 2046 scribendi
1095 1978 1196 2047 latine
1213 1979 1323 2066 aliqua

256 2095 415 2180 celeritas,
433 2103 477 2181 et,
499 2102 537 2161 ut
555 2093 757 2181 temporibus
779 2092 854 2180 illis,
872 2102 1045 2180 apparatus
1060 2092 1194 2180 quidam
1208 2093 1324 2163 erudi·

257 2211 354 2278 tionis
369 2220 401 2279 et
412 2209 568 2277 historiae.
585 2207 710 2296 Itaque,
726 2229 801 2277 eum
813 2207 979 2296 Nicotaus,
994 2229 1077 2296 papa
1092 2227 1218 2296 recens,
1235 2208 1325 2276 Hlu·

257 2325 370 2394 dowici
391 2322 597 2410 imperatoris
617 2322 759 2392 fautores
773 2323 964 2411 ingratiam
978 2333 1011 2392 et
1026 2323 1169 2393 favorem
1184 2324 1321 2412 recepit,

256 2438 487 2525 Anastasiique
501 2436 624 2505 familia
647 2447 679 2507 et
703 2439 800 2506 amici
821 2459 968 2508 summos
987 2441 1075 2507 locos
1094 2440 1237 2508 ecclesiae
1254 2438 1325 2507 Ro·

257 2573 362 2621 manae
376 2553 604 2640 obtinuerunt,
621 2553 703 2622 alius
717 2555 946 2640 apocrisiarius
960 2563 992 2623 et
1006 2553 1211 2623 consiliarius
1232 2553 1324 2622 sedis

258 2670 449 2757 apostolieae,
471 2668 554 2736 alius
573 2670 653 2736 item
676 2669 881 2738 consiliarius
907 2670 1102 2759 magnisque
1127 2669 1323 2758 praepositus

256 2786 408 2872 negotiis
431 2786 502 2854 ficri
522 2805 600 2853 sane
621 2802 689 2852 nou
705 2785 811 2873 potuit
826 2785 910 2853 utin
922 2794 1069 2854 mentem
1084 2805 1214 2854 summo
1237 2805 1325 2872 pon-

254 2901 332 2968 tifici
347 2902 558 2988 nonveniret,
573 2900 613 2968 ad
626 2900 705 2987 quid
719 2900 830 2987 ipsum
843 2900 1013 2969 adhiberet
1025 2901 1260 2986 Anastasium,
1278 2920 1324 2970 ne

256 3016 317 3083 viri
330 3014 370 3084 de
387 3037 421 3084 se
434 3016 519 3085 bene
533 3016 642 3084 meriti
655 3025 751 3103 atque
766 3017 801 3082 in
820 3015 989 3084 nonnullis
1008 3017 1118 3109 rebus
1131 3015 1221 3084 unici
1239 3036 1321 3103 ope·

256 3149 328 3197 ram
340 3129 503 3198 videretur
521 3139 741 3199 contemnere.

300 3245 345 3311 At
378 3246 582 3313 ecclesiastici
620 3247 759 3314 bonores
789 3254 822 3314 et
857 3265 997 3315 munera
1029 3245 1192 3336 ejusmodi
1218 3245 1323 3315 ferme

256 3368 361 3448 eraut,
388 3368 437 3444 ut,
467 3358 508 3426 ad
538 3381 575 3428 ea
601 3361 765 3447 obeunda,
792 3381 924 3429 neccsse
949 3360 1064 3430 fuisset
1091 3359 1322 3449 Anastasium,

255 3476 309 3545 cui
322 3485 407 3563 tum,
423 3494 460 3542 er
483 3475 621 3544 decretis
642 3475 812 3544 Benedicti
830 3475 891 3562 lll,
910 3495 1002 3543 sacro
1016 3475 1203 3544 ministerio
1218 3475 1324 3545 inter·

255 3591 442 3677 dicebatur,
478 3591 514 3657 in
553 3591 784 3659 sacerdotalem
823 3590 1020 3677 dignitatem
1050 3591 1143 3679 prius
1179 3591 1320 3660 restitui.

256 3707 304 3776 De
330 3728 394 3798 qua
427 3705 561 3793 quidem
587 3705 793 3774 restitutione
825 3706 983 3794 cogitasse
1014 3707 1186 3776 Nicolaum
1218 3706 1255 3795 I,
1284 3727 1324 3775 ex

257 3825 422 3895 Hadriano
455 3824 486 3892 11
517 3821 744 3912 audirimus²;
776 3823 833 3892 sed
864 3823 975 3891 timuit
1004 3845 1062 3911 ne,
1093 3827 1122 3893 si
1151 3825 1185 3892 id
1212 3825 1326 3893 statim

257 3949 333 4010 ante
362 3939 616 4011 satisfactionem
651 3939 755 4026 fieret,
786 3937 856 4026 ipse
878 3937 999 4027 judicia
1029 3940 1116 4011 sedis
1143 3941 1326 4030 apostolica

287 4153 314 4282 d.
330 4152 363 4282 d.
376 4151 523 4285 dddar'idrd
540 4237 672 4286 Decretum
680 4231 780 4296 scetem
794 4230 997 4295 apedSaactam
1010 4233 1153 4284 Procedens
1165 4233 1255 4298 (Perta,
1264 4231 1325 4298 ss„

258 4319 277 4362 t.
289 4313 310 4373 l,
323 4325 348 4378 p.
364 4313 419 4373 lle,
434 4318 459 4361 ct
473 4313 497 4362 in
509 4321 589 4366 nostro
601 4313 728 4377 Prooemiq
743 4326 767 4377 p.
782 4313 818 4373 6).
