<?xml version="1.0" encoding="UTF-8"?>
<!DOCTYPE html PUBLIC "-//W3C//DTD XHTML 1.0 Transitional//EN"
    "http://www.w3.org/TR/xhtml1/DTD/xhtml1-transitional.dtd">
<html xmlns="http://www.w3.org/1999/xhtml" xml:lang="en" lang="en">
 <head>
  <title>
</title>
<meta http-equiv="Content-Type" content="text/html;charset=utf-8" />
  <meta name='ocr-system' content='tesseract 3.04.00' />
  <meta name='ocr-capabilities' content='ocr_page ocr_carea ocr_par ocr_line ocrx_word'/>
</head>
<body>
  <div class='ocr_page' id='page_1' title='image "./deanastasiobibl00lapgoog_0299.png"; bbox 0 0 2944 5060; ppageno 0'>
   <div class='ocr_carea' id='block_1_1' title="bbox 288 473 1138 534">
    <p class='ocr_par' dir='ltr' id='par_1_1' title="bbox 288 473 1138 534">
     <span class='ocr_line' id='line_1_1' title="bbox 288 473 1138 534; baseline -0.012 -1"><span class='ocrx_word' id='word_1_1' title='bbox 288 481 334 534; x_wconf 76' lang='grc'>286</span> <span class='ocrx_word' id='word_1_2' title='bbox 506 475 662 530; x_wconf 85' lang='lat' dir='ltr'>ULTlMAE</span> <span class='ocrx_word' id='word_1_3' title='bbox 687 476 890 528; x_wconf 78' lang='lat' dir='ltr'>suasaasn</span> <span class='ocrx_word' id='word_1_4' title='bbox 916 473 1138 527; x_wconf 80' lang='lat' dir='ltr'><strong>PALINODIAE</strong></span> 
     </span>
    </p>
   </div>
   <div class='ocr_carea' id='block_1_2' title="bbox 286 616 1356 2094">
    <p class='ocr_par' dir='ltr' id='par_1_2' title="bbox 286 616 1356 2094">
     <span class='ocr_line' id='line_1_2' title="bbox 287 616 1351 708; baseline -0.005 -20"><span class='ocrx_word' id='word_1_5' title='bbox 287 621 363 708; x_wconf 82' lang='lat' dir='ltr'>qui,</span> <span class='ocrx_word' id='word_1_6' title='bbox 387 629 425 690; x_wconf 90' lang='lat' dir='ltr'>ut</span> <span class='ocrx_word' id='word_1_7' title='bbox 444 618 629 690; x_wconf 71' lang='lat' dir='ltr'>iohannem</span> <span class='ocrx_word' id='word_1_8' title='bbox 656 639 773 707; x_wconf 89' lang='lat' dir='ltr'>papam</span> <span class='ocrx_word' id='word_1_9' title='bbox 794 619 912 688; x_wconf 87' lang='lat' dir='ltr'>Photio</span> <span class='ocrx_word' id='word_1_10' title='bbox 943 618 1049 705; x_wconf 89' lang='lat' dir='ltr'>magis</span> <span class='ocrx_word' id='word_1_11' title='bbox 1076 616 1249 704; x_wconf 88' lang='lat' dir='ltr'>magisque</span> <span class='ocrx_word' id='word_1_12' title='bbox 1278 635 1351 684; x_wconf 88' lang='lat' dir='ltr'>acn-</span> 
     </span>
     <span class='ocr_line' id='line_1_3' title="bbox 288 731 1353 822; baseline -0.008 -14"><span class='ocrx_word' id='word_1_13' title='bbox 288 737 430 822; x_wconf 91' lang='lat' dir='ltr'>ciliaret,</span> <span class='ocrx_word' id='word_1_14' title='bbox 462 733 619 822; x_wconf 78' lang='lat' dir='ltr'>Byzantio</span> <span class='ocrx_word' id='word_1_15' title='bbox 647 734 683 804; x_wconf 87' lang='lat' dir='ltr'>in</span> <span class='ocrx_word' id='word_1_16' title='bbox 715 734 862 819; x_wconf 88' lang='lat' dir='ltr'>ltaliam,</span> <span class='ocrx_word' id='word_1_17' title='bbox 892 735 1028 804; x_wconf 86' lang='lat' dir='ltr'>ineunte</span> <span class='ocrx_word' id='word_1_18' title='bbox 1060 753 1147 801; x_wconf 91' lang='lat' dir='ltr'>anno</span> <span class='ocrx_word' id='word_1_19' title='bbox 1175 731 1253 820; x_wconf 83' lang='grc'><strong>819,</strong></span> <span class='ocrx_word' id='word_1_20' title='bbox 1280 751 1353 800; x_wconf 90' lang='lat' dir='ltr'>cum</span> 
     </span>
     <span class='ocr_line' id='line_1_4' title="bbox 286 847 1354 937; baseline -0.005 -20"><span class='ocrx_word' id='word_1_21' title='bbox 286 847 491 937; x_wconf 89' lang='lat' dir='ltr'>imperatoris</span> <span class='ocrx_word' id='word_1_22' title='bbox 519 847 635 934; x_wconf 87' lang='lat' dir='ltr'>legetis</span> <span class='ocrx_word' id='word_1_23' title='bbox 655 847 817 937; x_wconf 84' lang='lat' dir='ltr'>proiectus</span> <span class='ocrx_word' id='word_1_24' title='bbox 836 859 897 935; x_wconf 89' lang='lat' dir='ltr'>est,</span> <span class='ocrx_word' id='word_1_25' title='bbox 921 869 959 917; x_wconf 88' lang='lat' dir='ltr'>ex</span> <span class='ocrx_word' id='word_1_26' title='bbox 981 850 1082 916; x_wconf 84' lang='lat' dir='ltr'>altera</span> <span class='ocrx_word' id='word_1_27' title='bbox 1109 856 1202 935; x_wconf 88' lang='lat' dir='ltr'>parte</span> <span class='ocrx_word' id='word_1_28' title='bbox 1230 855 1354 914; x_wconf 88' lang='lat' dir='ltr'>constet</span> 
     </span>
     <span class='ocr_line' id='line_1_5' title="bbox 288 953 1354 1063; baseline -0.009 -24"><span class='ocrx_word' id='word_1_29' title='bbox 288 965 387 1053; x_wconf 88' lang='lat' dir='ltr'>hujus</span> <span class='ocrx_word' id='word_1_30' title='bbox 405 963 546 1034; x_wconf 86' lang='lat' dir='ltr'>adventu</span> <span class='ocrx_word' id='word_1_31' title='bbox 571 963 725 1052; x_wconf 87' lang='lat' dir='ltr'>Romam,</span> <span class='ocrx_word' id='word_1_32' title='bbox 752 964 786 1032; x_wconf 92' lang='lat' dir='ltr'>id</span> <span class='ocrx_word' id='word_1_33' title='bbox 811 977 872 1053; x_wconf 88' lang='lat' dir='ltr'>est,</span> <span class='ocrx_word' id='word_1_34' title='bbox 891 973 1030 1036; x_wconf 80' lang='lat' dir='ltr'>exeunte</span> <span class='ocrx_word' id='word_1_35' title='bbox 1046 953 1163 1063; x_wconf 72' lang='lat' dir='ltr'>vmense</span> <span class='ocrx_word' id='word_1_36' title='bbox 1183 961 1284 1047; x_wconf 85' lang='lat' dir='ltr'>Maio,</span> <span class='ocrx_word' id='word_1_37' title='bbox 1301 969 1354 1030; x_wconf 89' lang='lat' dir='ltr'>aut</span> 
     </span>
     <span class='ocr_line' id='line_1_6' title="bbox 289 1077 1354 1168; baseline -0.004 -20"><span class='ocrx_word' id='word_1_38' title='bbox 289 1100 400 1150; x_wconf 90' lang='lat' dir='ltr'>mense</span> <span class='ocrx_word' id='word_1_39' title='bbox 424 1079 523 1150; x_wconf 82' lang='lat' dir='ltr'>lunio</span> <span class='ocrx_word' id='word_1_40' title='bbox 537 1080 561 1168; x_wconf 92' lang='lat'>¹,</span> <span class='ocrx_word' id='word_1_41' title='bbox 592 1080 805 1149; x_wconf 87' lang='lat' dir='ltr'>Anastasium</span> <span class='ocrx_word' id='word_1_42' title='bbox 831 1090 888 1148; x_wconf 89' lang='lat' dir='ltr'>aut</span> <span class='ocrx_word' id='word_1_43' title='bbox 908 1078 978 1168; x_wconf 83' lang='lat' dir='ltr'>jam</span> <span class='ocrx_word' id='word_1_44' title='bbox 1002 1079 1136 1167; x_wconf 89' lang='lat' dir='ltr'>obiisse,</span> <span class='ocrx_word' id='word_1_45' title='bbox 1164 1087 1222 1146; x_wconf 89' lang='lat' dir='ltr'>eut</span> <span class='ocrx_word' id='word_1_46' title='bbox 1241 1077 1354 1146; x_wconf 89' lang='lat' dir='ltr'>saltem</span> 
     </span>
     <span class='ocr_line' id='line_1_7' title="bbox 289 1191 1355 1282; baseline -0.007 -17"><span class='ocrx_word' id='word_1_47' title='bbox 289 1205 428 1265; x_wconf 89' lang='lat' dir='ltr'>mortem</span> <span class='ocrx_word' id='word_1_48' title='bbox 451 1195 569 1266; x_wconf 83' lang='lat' dir='ltr'>vidisse</span> <span class='ocrx_word' id='word_1_49' title='bbox 585 1194 779 1282; x_wconf 81' lang='lat' dir='ltr'>proximam.</span> <span class='ocrx_word' id='word_1_50' title='bbox 804 1193 937 1265; x_wconf 82' lang='lat' dir='ltr'><strong>Etenim</strong></span> <span class='ocrx_word' id='word_1_51' title='bbox 956 1193 1071 1282; x_wconf 91' lang='lat' dir='ltr'>primis</span> <span class='ocrx_word' id='word_1_52' title='bbox 1091 1191 1208 1262; x_wconf 87' lang='lat' dir='ltr'>diebus</span> <span class='ocrx_word' id='word_1_53' title='bbox 1233 1192 1355 1260; x_wconf 87' lang='lat' dir='ltr'>mensis</span> 
     </span>
     <span class='ocr_line' id='line_1_8' title="bbox 289 1308 1355 1398; baseline -0.008 -16"><span class='ocrx_word' id='word_1_54' title='bbox 289 1311 432 1398; x_wconf 81' lang='lat' dir='ltr'>Augusti</span> <span class='ocrx_word' id='word_1_55' title='bbox 446 1332 476 1378; x_wconf 92' lang='lat' dir='ltr'>a.</span> <span class='ocrx_word' id='word_1_56' title='bbox 495 1312 558 1379; x_wconf 85' lang='grc'>819</span> <span class='ocrx_word' id='word_1_57' title='bbox 574 1308 864 1380; x_wconf 75' lang='lat' dir='ltr'>bibliothecarium</span> <span class='ocrx_word' id='word_1_58' title='bbox 883 1309 955 1398; x_wconf 90' lang='lat' dir='ltr'>jam</span> <span class='ocrx_word' id='word_1_59' title='bbox 973 1331 990 1380; x_wconf 90' lang='lat' dir='ltr'>e</span> <span class='ocrx_word' id='word_1_60' title='bbox 1011 1311 1091 1380; x_wconf 89' lang='lat' dir='ltr'>vivis</span> <span class='ocrx_word' id='word_1_61' title='bbox 1110 1308 1300 1395; x_wconf 76' lang='lat' dir='ltr'>excessisse,</span> <span class='ocrx_word' id='word_1_62' title='bbox 1319 1327 1355 1375; x_wconf 82' lang='lat' dir='ltr'>er</span> 
     </span>
     <span class='ocr_line' id='line_1_9' title="bbox 289 1424 1355 1515; baseline -0.004 -20"><span class='ocrx_word' id='word_1_63' title='bbox 289 1428 351 1496; x_wconf 89' lang='lat' dir='ltr'>hcc</span> <span class='ocrx_word' id='word_1_64' title='bbox 363 1424 504 1494; x_wconf 88' lang='lat' dir='ltr'>inlertur</span> <span class='ocrx_word' id='word_1_65' title='bbox 518 1425 604 1514; x_wconf 88' lang='lat' dir='ltr'>quod</span> <span class='ocrx_word' id='word_1_66' title='bbox 619 1446 657 1494; x_wconf 93' lang='lat' dir='ltr'>ec</span> <span class='ocrx_word' id='word_1_67' title='bbox 672 1436 820 1514; x_wconf 90' lang='lat' dir='ltr'>tempore</span> <span class='ocrx_word' id='word_1_68' title='bbox 834 1427 916 1494; x_wconf 88' lang='lat' dir='ltr'>alius</span> <span class='ocrx_word' id='word_1_69' title='bbox 930 1426 965 1493; x_wconf 92' lang='lat' dir='ltr'>in</span> <span class='ocrx_word' id='word_1_70' title='bbox 980 1425 1052 1515; x_wconf 85' lang='lat' dir='ltr'>ejus</span> <span class='ocrx_word' id='word_1_71' title='bbox 1065 1427 1174 1495; x_wconf 91' lang='lat' dir='ltr'>locum</span> <span class='ocrx_word' id='word_1_72' title='bbox 1189 1433 1223 1492; x_wconf 88' lang='lat' dir='ltr'>et</span> <span class='ocrx_word' id='word_1_73' title='bbox 1235 1443 1355 1492; x_wconf 87' lang='lat' dir='ltr'>munus</span> 
     </span>
     <span class='ocr_line' id='line_1_10' title="bbox 290 1539 1352 1632; baseline -0.002 -22"><span class='ocrx_word' id='word_1_74' title='bbox 290 1551 488 1612; x_wconf 86' lang='lat' dir='ltr'>successerat</span> <span class='ocrx_word' id='word_1_75' title='bbox 496 1541 521 1612; x_wconf 77' lang='lat'>².</span> <span class='ocrx_word' id='word_1_76' title='bbox 555 1541 643 1612; x_wconf 89' lang='lat' dir='ltr'>Hinc</span> <span class='ocrx_word' id='word_1_77' title='bbox 673 1553 722 1612; x_wconf 84' lang='lat' dir='ltr'>cst</span> <span class='ocrx_word' id='word_1_78' title='bbox 755 1544 871 1632; x_wconf 90' lang='lat' dir='ltr'>etiam,</span> <span class='ocrx_word' id='word_1_79' title='bbox 900 1552 938 1611; x_wconf 87' lang='lat' dir='ltr'>ut</span> <span class='ocrx_word' id='word_1_80' title='bbox 965 1543 1093 1631; x_wconf 84' lang='lat' dir='ltr'>opinor,</span> <span class='ocrx_word' id='word_1_81' title='bbox 1119 1561 1179 1609; x_wconf 90' lang='lat' dir='ltr'>cur</span> <span class='ocrx_word' id='word_1_82' title='bbox 1204 1539 1352 1628; x_wconf 89' lang='lat' dir='ltr'>Photius,</span> 
     </span>
     <span class='ocr_line' id='line_1_11' title="bbox 289 1656 1355 1747; baseline -0.003 -20"><span class='ocrx_word' id='word_1_83' title='bbox 289 1678 495 1746; x_wconf 88' lang='lat' dir='ltr'>quanquam,</span> <span class='ocrx_word' id='word_1_84' title='bbox 517 1661 578 1727; x_wconf 92' lang='lat' dir='ltr'>hoc</span> <span class='ocrx_word' id='word_1_85' title='bbox 597 1659 712 1728; x_wconf 90' lang='lat' dir='ltr'>ecdem</span> <span class='ocrx_word' id='word_1_86' title='bbox 737 1670 882 1728; x_wconf 83' lang='lat' dir='ltr'>extremo</span> <span class='ocrx_word' id='word_1_87' title='bbox 906 1679 937 1728; x_wconf 90' lang='lat' dir='ltr'>a.</span> <span class='ocrx_word' id='word_1_88' title='bbox 955 1660 1032 1747; x_wconf 84' lang='grc'><strong>819,</strong></span> <span class='ocrx_word' id='word_1_89' title='bbox 1049 1657 1091 1726; x_wconf 87' lang='lat' dir='ltr'>ad</span> <span class='ocrx_word' id='word_1_90' title='bbox 1113 1679 1169 1726; x_wconf 89' lang='lat' dir='ltr'>eos</span> <span class='ocrx_word' id='word_1_91' title='bbox 1189 1656 1355 1726; x_wconf 87' lang='lat' dir='ltr'>Romanos</span> 
     </span>
     <span class='ocr_line' id='line_1_12' title="bbox 290 1773 1353 1863; baseline -0.001 -22"><span class='ocrx_word' id='word_1_92' title='bbox 290 1794 371 1860; x_wconf 91' lang='lat' dir='ltr'>quos</span> <span class='ocrx_word' id='word_1_93' title='bbox 397 1773 538 1844; x_wconf 79' lang='lat' dir='ltr'>fautores</span> <span class='ocrx_word' id='word_1_94' title='bbox 563 1774 720 1844; x_wconf 82' lang='lat' dir='ltr'>habuerat</span> <span class='ocrx_word' id='word_1_95' title='bbox 749 1784 806 1844; x_wconf 87' lang='lat' dir='ltr'>aut</span> <span class='ocrx_word' id='word_1_96' title='bbox 832 1774 896 1844; x_wconf 91' lang='lat' dir='ltr'>sibi</span> <span class='ocrx_word' id='word_1_97' title='bbox 919 1773 1025 1863; x_wconf 83' lang='lat' dir='ltr'>magis</span> <span class='ocrx_word' id='word_1_98' title='bbox 1051 1773 1178 1844; x_wconf 89' lang='lat' dir='ltr'>volebat</span> <span class='ocrx_word' id='word_1_99' title='bbox 1199 1775 1353 1862; x_wconf 87' lang='lat' dir='ltr'>placatos,</span> 
     </span>
     <span class='ocr_line' id='line_1_13' title="bbox 290 1888 1356 1979; baseline -0.001 -23"><span class='ocrx_word' id='word_1_100' title='bbox 290 1890 412 1960; x_wconf 83' lang='lat' dir='ltr'>litteras</span> <span class='ocrx_word' id='word_1_101' title='bbox 422 1888 546 1978; x_wconf 71' lang='lat' dir='ltr'>misit³,</span> <span class='ocrx_word' id='word_1_102' title='bbox 555 1890 638 1958; x_wconf 90' lang='lat' dir='ltr'>nihil</span> <span class='ocrx_word' id='word_1_103' title='bbox 649 1900 760 1959; x_wconf 90' lang='lat' dir='ltr'>temen</span> <span class='ocrx_word' id='word_1_104' title='bbox 771 1891 936 1979; x_wconf 83' lang='lat' dir='ltr'>scripserit</span> <span class='ocrx_word' id='word_1_105' title='bbox 946 1889 988 1959; x_wconf 90' lang='lat' dir='ltr'>ad</span> <span class='ocrx_word' id='word_1_106' title='bbox 996 1889 1223 1977; x_wconf 72' lang='lat' dir='ltr'>anastasium,</span> <span class='ocrx_word' id='word_1_107' title='bbox 1236 1889 1356 1978; x_wconf 88' lang='lat' dir='ltr'>quippe</span> 
     </span>
     <span class='ocr_line' id='line_1_14' title="bbox 290 2004 914 2094; baseline 0.005 -22"><span class='ocrx_word' id='word_1_108' title='bbox 290 2025 389 2092; x_wconf 90' lang='lat' dir='ltr'>quem</span> <span class='ocrx_word' id='word_1_109' title='bbox 404 2026 511 2094; x_wconf 87' lang='lat' dir='ltr'>nuper</span> <span class='ocrx_word' id='word_1_110' title='bbox 524 2015 693 2075; x_wconf 89' lang='lat' dir='ltr'>mortuum</span> <span class='ocrx_word' id='word_1_111' title='bbox 708 2006 882 2094; x_wconf 88' lang='lat' dir='ltr'>accepisset</span> <span class='ocrx_word' id='word_1_112' title='bbox 890 2004 914 2075; x_wconf 88' lang='lat'>⁴.</span> 
     </span>
    </p>
   </div>
   <div class='ocr_carea' id='block_1_3' title="bbox 288 2181 1362 4412">
    <p class='ocr_par' dir='ltr' id='par_1_3' title="bbox 288 2181 1359 2809">
     <span class='ocr_line' id='line_1_15' title="bbox 322 2181 1356 2248; baseline -0.001 -16"><span class='ocrx_word' id='word_1_113' title='bbox 322 2185 345 2232; x_wconf 91' lang='grc'>1.</span> <span class='ocrx_word' id='word_1_114' title='bbox 363 2182 432 2242; x_wconf 86' lang='lat' dir='ltr'>Quod</span> <span class='ocrx_word' id='word_1_115' title='bbox 443 2181 531 2245; x_wconf 91' lang='lat' dir='ltr'>colligo</span> <span class='ocrx_word' id='word_1_116' title='bbox 548 2197 577 2232; x_wconf 81' lang='lat' dir='ltr'>er</span> <span class='ocrx_word' id='word_1_117' title='bbox 588 2182 618 2232; x_wconf 92' lang='lat' dir='ltr'>iis</span> <span class='ocrx_word' id='word_1_118' title='bbox 631 2198 694 2248; x_wconf 81' lang='lat' dir='ltr'>que,</span> <span class='ocrx_word' id='word_1_119' title='bbox 713 2183 752 2233; x_wconf 89' lang='lat' dir='ltr'>die</span> <span class='ocrx_word' id='word_1_120' title='bbox 766 2185 781 2233; x_wconf 88' lang='grc'>6</span> <span class='ocrx_word' id='word_1_121' title='bbox 799 2183 888 2232; x_wconf 88' lang='lat' dir='ltr'>mensis</span> <span class='ocrx_word' id='word_1_122' title='bbox 901 2182 960 2235; x_wconf 84' lang='lat' dir='ltr'>Mari</span> <span class='ocrx_word' id='word_1_123' title='bbox 973 2198 996 2233; x_wconf 92' lang='lat' dir='ltr'>a.</span> <span class='ocrx_word' id='word_1_124' title='bbox 1012 2184 1067 2246; x_wconf 83' lang='grc'><strong>819,</strong></span> <span class='ocrx_word' id='word_1_125' title='bbox 1081 2182 1204 2233; x_wconf 80' lang='lat' dir='ltr'>lohannes</span> <span class='ocrx_word' id='word_1_126' title='bbox 1221 2197 1286 2248; x_wconf 87' lang='lat' dir='ltr'>papa</span> <span class='ocrx_word' id='word_1_127' title='bbox 1298 2181 1356 2234; x_wconf 87' lang='lat' dir='ltr'>Vlll</span> 
     </span>
     <span class='ocr_line' id='line_1_16' title="bbox 291 2261 1359 2327; baseline -0.004 -12"><span class='ocrx_word' id='word_1_128' title='bbox 291 2261 321 2316; x_wconf 80' lang='lat' dir='ltr'>ad</span> <span class='ocrx_word' id='word_1_129' title='bbox 333 2263 477 2324; x_wconf 89' lang='lat' dir='ltr'>Gregorium</span> <span class='ocrx_word' id='word_1_130' title='bbox 490 2262 598 2326; x_wconf 75' lang='lat' dir='ltr'>baiulum</span> <span class='ocrx_word' id='word_1_131' title='bbox 615 2263 764 2327; x_wconf 86' lang='lat' dir='ltr'>imperialem</span> <span class='ocrx_word' id='word_1_132' title='bbox 779 2263 915 2314; x_wconf 89' lang='lat' dir='ltr'>scribebat:</span> <span class='ocrx_word' id='word_1_133' title='bbox 930 2280 944 2311; x_wconf 82' lang='lat' dir='ltr'>u</span> <span class='ocrx_word' id='word_1_134' title='bbox 958 2266 1061 2326; x_wconf 78' lang='lat' dir='ltr'>Legatos</span> <span class='ocrx_word' id='word_1_135' title='bbox 1075 2266 1106 2313; x_wconf 87' lang='lat' dir='ltr'>ab</span> <span class='ocrx_word' id='word_1_136' title='bbox 1119 2263 1180 2313; x_wconf 91' lang='lat' dir='ltr'>urbe</span> <span class='ocrx_word' id='word_1_137' title='bbox 1193 2263 1359 2314; x_wconf 62' lang='lat' dir='ltr'>Consentino·</span> 
     </span>
     <span class='ocr_line' id='line_1_17' title="bbox 291 2341 1357 2410; baseline 0.002 -20"><span class='ocrx_word' id='word_1_138' title='bbox 291 2341 396 2405; x_wconf 85' lang='lat' dir='ltr'>politane</span> <span class='ocrx_word' id='word_1_139' title='bbox 408 2342 438 2391; x_wconf 90' lang='lat' dir='ltr'>ad</span> <span class='ocrx_word' id='word_1_140' title='bbox 452 2355 495 2392; x_wconf 88' lang='lat' dir='ltr'>nce</span> <span class='ocrx_word' id='word_1_141' title='bbox 508 2342 609 2393; x_wconf 89' lang='lat' dir='ltr'>directos</span> <span class='ocrx_word' id='word_1_142' title='bbox 623 2358 666 2407; x_wconf 88' lang='lat' dir='ltr'>per</span> <span class='ocrx_word' id='word_1_143' title='bbox 678 2344 852 2408; x_wconf 79' lang='lat' dir='ltr'>beneventum,</span> <span class='ocrx_word' id='word_1_144' title='bbox 867 2342 954 2393; x_wconf 87' lang='lat' dir='ltr'>deinde</span> <span class='ocrx_word' id='word_1_145' title='bbox 967 2359 1011 2410; x_wconf 90' lang='lat' dir='ltr'>per</span> <span class='ocrx_word' id='word_1_146' title='bbox 1021 2345 1128 2408; x_wconf 83' lang='lat' dir='ltr'>Capuam</span> <span class='ocrx_word' id='word_1_147' title='bbox 1141 2343 1230 2406; x_wconf 81' lang='lat' dir='ltr'>dirige,</span> <span class='ocrx_word' id='word_1_148' title='bbox 1245 2343 1357 2408; x_wconf 89' lang='lat' dir='ltr'>quoniam</span> 
     </span>
     <span class='ocr_line' id='line_1_18' title="bbox 288 2421 1357 2489; baseline 0.001 -19"><span class='ocrx_word' id='word_1_149' title='bbox 288 2423 341 2485; x_wconf 86' lang='lat' dir='ltr'>jam</span> <span class='ocrx_word' id='word_1_150' title='bbox 361 2421 479 2471; x_wconf 89' lang='lat' dir='ltr'>habemus</span> <span class='ocrx_word' id='word_1_151' title='bbox 499 2423 685 2488; x_wconf 78' lang='lat' dir='ltr'>preordinatum</span> <span class='ocrx_word' id='word_1_152' title='bbox 706 2423 816 2489; x_wconf 78' lang='lat' dir='ltr'>qualiter,</span> <span class='ocrx_word' id='word_1_153' title='bbox 838 2425 889 2474; x_wconf 87' lang='lat' dir='ltr'>Deo</span> <span class='ocrx_word' id='word_1_154' title='bbox 910 2424 1013 2488; x_wconf 82' lang='lat' dir='ltr'>solante,</span> <span class='ocrx_word' id='word_1_155' title='bbox 1027 2423 1112 2474; x_wconf 89' lang='lat' dir='ltr'>adncs</span> <span class='ocrx_word' id='word_1_156' title='bbox 1125 2423 1185 2473; x_wconf 81' lang='lat' dir='ltr'>salvi</span> <span class='ocrx_word' id='word_1_157' title='bbox 1205 2429 1280 2488; x_wconf 84' lang='lat' dir='ltr'>atque</span> <span class='ocrx_word' id='word_1_158' title='bbox 1293 2423 1357 2473; x_wconf 78' lang='lat' dir='ltr'>illesi</span> 
     </span>
     <span class='ocr_line' id='line_1_19' title="bbox 291 2502 1357 2571; baseline 0.006 -21"><span class='ocrx_word' id='word_1_159' title='bbox 291 2502 465 2566; x_wconf 71' lang='lat' dir='ltr'>perveniente</span> <span class='ocrx_word' id='word_1_160' title='bbox 483 2503 599 2554; x_wconf 81' lang='lat' dir='ltr'>lobannis</span> <span class='ocrx_word' id='word_1_161' title='bbox 611 2505 667 2558; x_wconf 87' lang='lat' dir='ltr'>Vlll</span> <span class='ocrx_word' id='word_1_162' title='bbox 683 2505 765 2568; x_wconf 82' lang='lat' dir='ltr'>Epist.</span> <span class='ocrx_word' id='word_1_163' title='bbox 781 2505 818 2554; x_wconf 84' lang='lat' dir='ltr'>cd</span> <span class='ocrx_word' id='word_1_164' title='bbox 832 2504 985 2571; x_wconf 75' lang='lat' dir='ltr'>Gregorium</span> <span class='ocrx_word' id='word_1_165' title='bbox 995 2505 1174 2570; x_wconf 81' lang='lat' dir='ltr'>primicerium</span> <span class='ocrx_word' id='word_1_166' title='bbox 1195 2508 1221 2554; x_wconf 85' lang='lat' dir='ltr'>et</span> <span class='ocrx_word' id='word_1_167' title='bbox 1243 2503 1357 2569; x_wconf 79' lang='lat' dir='ltr'>bajarum</span> 
     </span>
     <span class='ocr_line' id='line_1_20' title="bbox 291 2581 1357 2652; baseline 0.006 -22"><span class='ocrx_word' id='word_1_168' title='bbox 291 2581 394 2645; x_wconf 82' lang='lat' dir='ltr'>(Migne,</span> <span class='ocrx_word' id='word_1_169' title='bbox 409 2587 428 2636; x_wconf 85' lang='lat' dir='ltr'>t.</span> <span class='ocrx_word' id='word_1_170' title='bbox 443 2583 552 2647; x_wconf 81' lang='lat' dir='ltr'>CXXVI,</span> <span class='ocrx_word' id='word_1_171' title='bbox 576 2598 615 2648; x_wconf 91' lang='lat' dir='ltr'>ep.</span> <span class='ocrx_word' id='word_1_172' title='bbox 636 2587 692 2646; x_wconf 86' lang='grc'><strong>220,</strong></span> <span class='ocrx_word' id='word_1_173' title='bbox 713 2600 738 2648; x_wconf 90' lang='lat' dir='ltr'>p.</span> <span class='ocrx_word' id='word_1_174' title='bbox 760 2586 825 2652; x_wconf 84' lang='grc'><strong>831).</strong></span> <span class='ocrx_word' id='word_1_175' title='bbox 847 2586 886 2636; x_wconf 87' lang='lat' dir='ltr'>Cl.</span> <span class='ocrx_word' id='word_1_176' title='bbox 909 2585 992 2651; x_wconf 75' lang='lat' dir='ltr'>Epist.</span> <span class='ocrx_word' id='word_1_177' title='bbox 1014 2585 1049 2636; x_wconf 77' lang='lat' dir='ltr'>ud</span> <span class='ocrx_word' id='word_1_178' title='bbox 1065 2583 1260 2648; x_wconf 75' lang='lat' dir='ltr'>Pandenulfum</span> <span class='ocrx_word' id='word_1_179' title='bbox 1277 2583 1357 2648; x_wconf 79' lang='lat' dir='ltr'>(thia,</span> 
     </span>
     <span class='ocr_line' id='line_1_21' title="bbox 291 2663 1359 2731; baseline 0.004 -21"><span class='ocrx_word' id='word_1_180' title='bbox 291 2676 331 2728; x_wconf 80' lang='lat' dir='ltr'>ep.</span> <span class='ocrx_word' id='word_1_181' title='bbox 345 2663 401 2726; x_wconf 84' lang='grc'><strong>2111,</strong></span> <span class='ocrx_word' id='word_1_182' title='bbox 416 2676 441 2728; x_wconf 80' lang='lat' dir='ltr'>p.</span> <span class='ocrx_word' id='word_1_183' title='bbox 456 2663 521 2727; x_wconf 89' lang='grc'><strong>826).</strong></span> <span class='ocrx_word' id='word_1_184' title='bbox 537 2665 728 2714; x_wconf 83' lang='lat' dir='ltr'>Sartabarenum</span> <span class='ocrx_word' id='word_1_185' title='bbox 742 2670 822 2714; x_wconf 90' lang='lat' dir='ltr'>autem</span> <span class='ocrx_word' id='word_1_186' title='bbox 832 2665 904 2728; x_wconf 88' lang='lat' dir='ltr'>hujus</span> <span class='ocrx_word' id='word_1_187' title='bbox 917 2664 1045 2728; x_wconf 74' lang='lat' dir='ltr'>legationis</span> <span class='ocrx_word' id='word_1_188' title='bbox 1055 2665 1197 2731; x_wconf 85' lang='lat' dir='ltr'>participem</span> <span class='ocrx_word' id='word_1_189' title='bbox 1206 2664 1359 2718; x_wconf 82' lang='lat' dir='ltr'>luissatastia</span> 
     </span>
     <span class='ocr_line' id='line_1_22' title="bbox 291 2741 1033 2809; baseline -0.003 -12"><span class='ocrx_word' id='word_1_190' title='bbox 291 2748 328 2798; x_wconf 76' lang='lat' dir='ltr'>est</span> <span class='ocrx_word' id='word_1_191' title='bbox 339 2741 445 2806; x_wconf 84' lang='lat' dir='ltr'>Nicetes,</span> <span class='ocrx_word' id='word_1_192' title='bbox 460 2742 484 2796; x_wconf 88' lang='lat' dir='ltr'>in</span> <span class='ocrx_word' id='word_1_193' title='bbox 501 2743 558 2796; x_wconf 83' lang='lat' dir='ltr'>Vita</span> <span class='ocrx_word' id='word_1_194' title='bbox 573 2745 671 2808; x_wconf 80' lang='lat' dir='ltr'>Ignatii</span> <span class='ocrx_word' id='word_1_195' title='bbox 682 2743 777 2806; x_wconf 76' lang='lat' dir='ltr'>(coleti,</span> <span class='ocrx_word' id='word_1_196' title='bbox 790 2751 809 2794; x_wconf 88' lang='lat' dir='ltr'>t.</span> <span class='ocrx_word' id='word_1_197' title='bbox 824 2746 855 2804; x_wconf 86' lang='lat' dir='ltr'>X,</span> <span class='ocrx_word' id='word_1_198' title='bbox 871 2760 896 2809; x_wconf 91' lang='lat' dir='ltr'>p.</span> <span class='ocrx_word' id='word_1_199' title='bbox 911 2747 1033 2809; x_wconf 76' lang='lat' dir='ltr'>itt-idi).</span> 
     </span>
    </p>

    <p class='ocr_par' dir='ltr' id='par_1_4' title="bbox 291 2822 1361 3532">
     <span class='ocr_line' id='line_1_23' title="bbox 322 2822 1359 2889; baseline 0 -13"><span class='ocrx_word' id='word_1_200' title='bbox 322 2825 345 2882; x_wconf 84' lang='lat'>2.</span> <span class='ocrx_word' id='word_1_201' title='bbox 365 2823 398 2876; x_wconf 85' lang='lat' dir='ltr'>V.</span> <span class='ocrx_word' id='word_1_202' title='bbox 419 2822 489 2888; x_wconf 84' lang='lat' dir='ltr'>intre,</span> <span class='ocrx_word' id='word_1_203' title='bbox 512 2839 537 2889; x_wconf 87' lang='lat' dir='ltr'>p.</span> <span class='ocrx_word' id='word_1_204' title='bbox 558 2825 613 2888; x_wconf 85' lang='grc'><strong>281,</strong></span> <span class='ocrx_word' id='word_1_205' title='bbox 632 2840 657 2876; x_wconf 90' lang='lat' dir='ltr'>n.</span> <span class='ocrx_word' id='word_1_206' title='bbox 676 2829 699 2875; x_wconf 92' lang='grc'>1.</span> <span class='ocrx_word' id='word_1_207' title='bbox 721 2825 921 2889; x_wconf 88' lang='lat' dir='ltr'>Jamapluribus</span> <span class='ocrx_word' id='word_1_208' title='bbox 933 2825 1003 2879; x_wconf 85' lang='lat' dir='ltr'>aunis</span> <span class='ocrx_word' id='word_1_209' title='bbox 1017 2826 1155 2878; x_wconf 74' lang='lat' dir='ltr'>aenesius</span> <span class='ocrx_word' id='word_1_210' title='bbox 1168 2825 1200 2878; x_wconf 89' lang='lat' dir='ltr'>de</span> <span class='ocrx_word' id='word_1_211' title='bbox 1214 2823 1359 2878; x_wconf 78' lang='lat' dir='ltr'>ualetudinis</span> 
     </span>
     <span class='ocr_line' id='line_1_24' title="bbox 292 2902 1358 2969; baseline 0.002 -17"><span class='ocrx_word' id='word_1_212' title='bbox 292 2902 437 2952; x_wconf 81' lang='lat' dir='ltr'>coniectione</span> <span class='ocrx_word' id='word_1_213' title='bbox 452 2904 605 2967; x_wconf 84' lang='lat' dir='ltr'>querebatur.</span> <span class='ocrx_word' id='word_1_214' title='bbox 620 2905 661 2958; x_wconf 87' lang='lat' dir='ltr'>Sic</span> <span class='ocrx_word' id='word_1_215' title='bbox 678 2904 751 2968; x_wconf 79' lang='lat' dir='ltr'>enim,</span> <span class='ocrx_word' id='word_1_216' title='bbox 772 2920 855 2956; x_wconf 86' lang='lat' dir='ltr'>mense</span> <span class='ocrx_word' id='word_1_217' title='bbox 874 2906 945 2956; x_wconf 87' lang='lat' dir='ltr'>lucio</span> <span class='ocrx_word' id='word_1_218' title='bbox 965 2921 989 2958; x_wconf 83' lang='lat' dir='ltr'>a.</span> <span class='ocrx_word' id='word_1_219' title='bbox 1009 2907 1065 2969; x_wconf 86' lang='grc'><strong>816,</strong></span> <span class='ocrx_word' id='word_1_220' title='bbox 1082 2905 1113 2958; x_wconf 84' lang='lat' dir='ltr'>ad</span> <span class='ocrx_word' id='word_1_221' title='bbox 1126 2904 1240 2956; x_wconf 84' lang='lat' dir='ltr'>Carolum</span> <span class='ocrx_word' id='word_1_222' title='bbox 1258 2904 1358 2956; x_wconf 78' lang='lat' dir='ltr'>Calvum</span> 
     </span>
     <span class='ocr_line' id='line_1_25' title="bbox 291 2982 1359 3050; baseline 0.001 -19"><span class='ocrx_word' id='word_1_223' title='bbox 291 2982 443 3046; x_wconf 77' lang='lat' dir='ltr'>scripserat:</span> <span class='ocrx_word' id='word_1_224' title='bbox 469 3000 483 3032; x_wconf 86' lang='lat' dir='ltr'>c</span> <span class='ocrx_word' id='word_1_225' title='bbox 503 2983 582 3036; x_wconf 80' lang='lat' dir='ltr'>Etiam</span> <span class='ocrx_word' id='word_1_226' title='bbox 599 2984 663 3034; x_wconf 90' lang='lat' dir='ltr'>inter</span> <span class='ocrx_word' id='word_1_227' title='bbox 680 2984 786 3036; x_wconf 73' lang='lat' dir='ltr'>diversos</span> <span class='ocrx_word' id='word_1_228' title='bbox 801 2983 927 3046; x_wconf 88' lang='lat' dir='ltr'>languores</span> <span class='ocrx_word' id='word_1_229' title='bbox 948 2985 1048 3049; x_wconf 87' lang='lat' dir='ltr'>positus,</span> <span class='ocrx_word' id='word_1_230' title='bbox 1070 2992 1166 3050; x_wconf 86' lang='lat' dir='ltr'>arrepto</span> <span class='ocrx_word' id='word_1_231' title='bbox 1186 2984 1359 3050; x_wconf 84' lang='lat' dir='ltr'>interpretandi</span> 
     </span>
     <span class='ocr_line' id='line_1_26' title="bbox 292 3060 1359 3130; baseline 0 -16"><span class='ocrx_word' id='word_1_232' title='bbox 292 3063 427 3126; x_wconf 85' lang='lat' dir='ltr'>conamine,</span> <span class='ocrx_word' id='word_1_233' title='bbox 448 3060 522 3114; x_wconf 90' lang='lat' dir='ltr'>latino</span> <span class='ocrx_word' id='word_1_234' title='bbox 541 3062 635 3128; x_wconf 88' lang='lat' dir='ltr'>eloquio</span> <span class='ocrx_word' id='word_1_235' title='bbox 658 3065 784 3114; x_wconf 89' lang='lat' dir='ltr'>tradidi.»</span> <span class='ocrx_word' id='word_1_236' title='bbox 809 3065 913 3129; x_wconf 89' lang='lat' dir='ltr'>(Migne,</span> <span class='ocrx_word' id='word_1_237' title='bbox 928 3071 948 3116; x_wconf 93' lang='lat' dir='ltr'>t.</span> <span class='ocrx_word' id='word_1_238' title='bbox 963 3066 1073 3130; x_wconf 85' lang='lat' dir='ltr'>Clllllll,</span> <span class='ocrx_word' id='word_1_239' title='bbox 1087 3080 1113 3129; x_wconf 85' lang='lat' dir='ltr'>p.</span> <span class='ocrx_word' id='word_1_240' title='bbox 1133 3066 1201 3129; x_wconf 84' lang='grc'><strong>131.)</strong></span> <span class='ocrx_word' id='word_1_241' title='bbox 1224 3066 1255 3117; x_wconf 80' lang='lat' dir='ltr'>Et</span> <span class='ocrx_word' id='word_1_242' title='bbox 1279 3080 1359 3116; x_wconf 86' lang='lat' dir='ltr'>mense</span> 
     </span>
     <span class='ocr_line' id='line_1_27' title="bbox 292 3143 1360 3209; baseline 0.001 -16"><span class='ocrx_word' id='word_1_243' title='bbox 292 3143 421 3201; x_wconf 79' lang='lat' dir='ltr'>Februario</span> <span class='ocrx_word' id='word_1_244' title='bbox 431 3158 454 3194; x_wconf 90' lang='lat' dir='ltr'>a.</span> <span class='ocrx_word' id='word_1_245' title='bbox 468 3145 514 3195; x_wconf 86' lang='grc'>815</span> <span class='ocrx_word' id='word_1_246' title='bbox 531 3143 561 3194; x_wconf 87' lang='lat' dir='ltr'>ad</span> <span class='ocrx_word' id='word_1_247' title='bbox 575 3143 649 3194; x_wconf 91' lang='lat' dir='ltr'>alium</span> <span class='ocrx_word' id='word_1_248' title='bbox 667 3145 745 3194; x_wconf 88' lang='lat' dir='ltr'>nescio</span> <span class='ocrx_word' id='word_1_249' title='bbox 766 3159 855 3209; x_wconf 87' lang='lat' dir='ltr'>quem:</span> <span class='ocrx_word' id='word_1_250' title='bbox 872 3162 886 3193; x_wconf 87' lang='lat' dir='ltr'>u</span> <span class='ocrx_word' id='word_1_251' title='bbox 900 3145 969 3198; x_wconf 87' lang='lat' dir='ltr'>Votis</span> <span class='ocrx_word' id='word_1_252' title='bbox 983 3160 1066 3209; x_wconf 88' lang='lat' dir='ltr'>parere</span> <span class='ocrx_word' id='word_1_253' title='bbox 1077 3145 1127 3196; x_wconf 89' lang='lat' dir='ltr'>tuis</span> <span class='ocrx_word' id='word_1_254' title='bbox 1141 3145 1215 3195; x_wconf 90' lang='lat' dir='ltr'>etiam</span> <span class='ocrx_word' id='word_1_255' title='bbox 1229 3145 1360 3208; x_wconf 86' lang='lat' dir='ltr'>languidus</span> 
     </span>
     <span class='ocr_line' id='line_1_28' title="bbox 292 3223 1361 3290; baseline 0.002 -16"><span class='ocrx_word' id='word_1_256' title='bbox 292 3223 396 3276; x_wconf 72' lang='lat' dir='ltr'>malui.»</span> <span class='ocrx_word' id='word_1_257' title='bbox 410 3223 531 3273; x_wconf 71' lang='lat' dir='ltr'>Anasusii</span> <span class='ocrx_word' id='word_1_258' title='bbox 544 3225 666 3288; x_wconf 76' lang='lat' dir='ltr'>Praefatio</span> <span class='ocrx_word' id='word_1_259' title='bbox 678 3225 705 3274; x_wconf 85' lang='lat' dir='ltr'>in</span> <span class='ocrx_word' id='word_1_260' title='bbox 714 3226 865 3276; x_wconf 77' lang='lat' dir='ltr'>Passionem</span> <span class='ocrx_word' id='word_1_261' title='bbox 875 3226 923 3276; x_wconf 88' lang='lat' dir='ltr'>SS.</span> <span class='ocrx_word' id='word_1_262' title='bbox 935 3225 996 3290; x_wconf 84' lang='lat' dir='ltr'>Cyri</span> <span class='ocrx_word' id='word_1_263' title='bbox 1005 3230 1030 3276; x_wconf 88' lang='lat' dir='ltr'>et</span> <span class='ocrx_word' id='word_1_264' title='bbox 1038 3225 1162 3276; x_wconf 70' lang='lat' dir='ltr'>lobnam</span> <span class='ocrx_word' id='word_1_265' title='bbox 1173 3226 1278 3290; x_wconf 85' lang='lat' dir='ltr'>(Migne,</span> <span class='ocrx_word' id='word_1_266' title='bbox 1289 3225 1361 3290; x_wconf 79' lang='lat' dir='ltr'>ibid,</span> 
     </span>
     <span class='ocr_line' id='line_1_29' title="bbox 292 3303 1361 3370; baseline 0.002 -16"><span class='ocrx_word' id='word_1_267' title='bbox 292 3320 317 3370; x_wconf 85' lang='lat' dir='ltr'>p.</span> <span class='ocrx_word' id='word_1_268' title='bbox 329 3303 395 3368; x_wconf 78' lang='grc'><strong>188).</strong></span> <span class='ocrx_word' id='word_1_269' title='bbox 405 3304 565 3367; x_wconf 85' lang='lat' dir='ltr'>Quapropter,</span> <span class='ocrx_word' id='word_1_270' title='bbox 579 3304 665 3357; x_wconf 89' lang='lat' dir='ltr'>iisdem</span> <span class='ocrx_word' id='word_1_271' title='bbox 678 3304 729 3354; x_wconf 84' lang='lat' dir='ltr'>tere</span> <span class='ocrx_word' id='word_1_272' title='bbox 742 3305 901 3369; x_wconf 89' lang='lat' dir='ltr'>temporibus,</span> <span class='ocrx_word' id='word_1_273' title='bbox 915 3305 1021 3356; x_wconf 89' lang='lat' dir='ltr'>scribens</span> <span class='ocrx_word' id='word_1_274' title='bbox 1034 3304 1065 3355; x_wconf 89' lang='lat' dir='ltr'>ad</span> <span class='ocrx_word' id='word_1_275' title='bbox 1078 3306 1213 3356; x_wconf 79' lang='lat' dir='ltr'>iohannem</span> <span class='ocrx_word' id='word_1_276' title='bbox 1221 3307 1361 3368; x_wconf 87' lang='lat' dir='ltr'>diaconum,</span> 
     </span>
     <span class='ocr_line' id='line_1_30' title="bbox 292 3383 1361 3450; baseline 0.001 -14"><span class='ocrx_word' id='word_1_277' title='bbox 292 3401 323 3436; x_wconf 90' lang='lat' dir='ltr'>ne</span> <span class='ocrx_word' id='word_1_278' title='bbox 338 3384 406 3438; x_wconf 85' lang='lat' dir='ltr'>brevi</span> <span class='ocrx_word' id='word_1_279' title='bbox 419 3385 469 3434; x_wconf 84' lang='lat' dir='ltr'>rita</span> <span class='ocrx_word' id='word_1_280' title='bbox 483 3383 528 3436; x_wconf 86' lang='lat' dir='ltr'>sihi</span> <span class='ocrx_word' id='word_1_281' title='bbox 543 3384 667 3450; x_wconf 81' lang='lat' dir='ltr'>deficeret,</span> <span class='ocrx_word' id='word_1_282' title='bbox 682 3385 758 3436; x_wconf 84' lang='lat' dir='ltr'>vereri</span> <span class='ocrx_word' id='word_1_283' title='bbox 772 3385 907 3436; x_wconf 80' lang='lat' dir='ltr'>ridebatur.</span> <span class='ocrx_word' id='word_1_284' title='bbox 925 3387 958 3436; x_wconf 86' lang='lat' dir='ltr'>V.</span> <span class='ocrx_word' id='word_1_285' title='bbox 977 3386 1099 3438; x_wconf 81' lang='lat' dir='ltr'>Anastasii</span> <span class='ocrx_word' id='word_1_286' title='bbox 1111 3386 1221 3450; x_wconf 76' lang='lat' dir='ltr'>Proeset.</span> <span class='ocrx_word' id='word_1_287' title='bbox 1236 3388 1264 3438; x_wconf 83' lang='lat' dir='ltr'>ia</span> <span class='ocrx_word' id='word_1_288' title='bbox 1276 3387 1361 3438; x_wconf 82' lang='lat' dir='ltr'>Hirta·</span> 
     </span>
     <span class='ocr_line' id='line_1_31' title="bbox 292 3464 1361 3532; baseline 0.005 -21"><span class='ocrx_word' id='word_1_289' title='bbox 292 3464 360 3516; x_wconf 81' lang='lat' dir='ltr'>rium</span> <span class='ocrx_word' id='word_1_290' title='bbox 377 3465 545 3530; x_wconf 81' lang='lat' dir='ltr'>tripertitam,</span> <span class='ocrx_word' id='word_1_291' title='bbox 559 3480 598 3532; x_wconf 87' lang='lat' dir='ltr'>ep.</span> <span class='ocrx_word' id='word_1_292' title='bbox 614 3466 707 3530; x_wconf 85' lang='lat' dir='ltr'>Migne,</span> <span class='ocrx_word' id='word_1_293' title='bbox 727 3465 758 3518; x_wconf 83' lang='lat' dir='ltr'>P.</span> <span class='ocrx_word' id='word_1_294' title='bbox 777 3465 818 3527; x_wconf 75' lang='grc'><strong>(1.,</strong></span> <span class='ocrx_word' id='word_1_295' title='bbox 839 3472 858 3516; x_wconf 87' lang='lat' dir='ltr'>t.</span> <span class='ocrx_word' id='word_1_296' title='bbox 873 3466 960 3528; x_wconf 89' lang='lat' dir='ltr'>CVlll‚</span> <span class='ocrx_word' id='word_1_297' title='bbox 978 3480 1003 3530; x_wconf 78' lang='lat' dir='ltr'>p.</span> <span class='ocrx_word' id='word_1_298' title='bbox 1019 3469 1079 3518; x_wconf 83' lang='grc'><strong>1190</strong></span> <span class='ocrx_word' id='word_1_299' title='bbox 1097 3469 1130 3526; x_wconf 70' lang='lat' dir='ltr'>Ba</span> <span class='ocrx_word' id='word_1_300' title='bbox 1148 3471 1173 3516; x_wconf 90' lang='lat' dir='ltr'>et</span> <span class='ocrx_word' id='word_1_301' title='bbox 1187 3466 1227 3520; x_wconf 86' lang='lat' dir='ltr'>ad.</span> <span class='ocrx_word' id='word_1_302' title='bbox 1243 3466 1275 3518; x_wconf 90' lang='lat' dir='ltr'>de</span> <span class='ocrx_word' id='word_1_303' title='bbox 1289 3467 1361 3528; x_wconf 83' lang='lat' dir='ltr'>Boos,</span> 
     </span>
    </p>

    <p class='ocr_par' dir='ltr' id='par_1_5' title="bbox 312 3546 373 3598">
     <span class='ocr_line' id='line_1_32' title="bbox 312 3546 373 3598; baseline 0.033 -2"><span class='ocrx_word' id='word_1_304' title='bbox 312 3578 318 3596; x_wconf 84' lang='lat'><em>.</em></span> <span class='ocrx_word' id='word_1_305' title='bbox 334 3546 373 3598; x_wconf 77' lang='lat'>35.</span> 
     </span>
    </p>

    <p class='ocr_par' dir='ltr' id='par_1_6' title="bbox 293 3558 1362 3774">
     <span class='ocr_line' id='line_1_33' title="bbox 293 3558 1362 3702; baseline 0.002 -26"><span class='ocrx_word' id='word_1_306' title='bbox 293 3558 309 3702; x_wconf 64' lang='lat' dir='ltr'>l’</span> <span class='ocrx_word' id='word_1_307' title='bbox 325 3627 351 3680; x_wconf 86' lang='grc'>3.</span> <span class='ocrx_word' id='word_1_308' title='bbox 370 3624 452 3686; x_wconf 88' lang='lat' dir='ltr'>ldeet,</span> <span class='ocrx_word' id='word_1_309' title='bbox 471 3625 502 3676; x_wconf 87' lang='lat' dir='ltr'>ad</span> <span class='ocrx_word' id='word_1_310' title='bbox 519 3625 677 3676; x_wconf 73' lang='lat' dir='ltr'>(landericum</span> <span class='ocrx_word' id='word_1_311' title='bbox 694 3625 886 3676; x_wconf 85' lang='lat' dir='ltr'>Velitemensem</span> <span class='ocrx_word' id='word_1_312' title='bbox 899 3624 985 3690; x_wconf 70' lang='lat' dir='ltr'>episc,</span> <span class='ocrx_word' id='word_1_313' title='bbox 1000 3625 1140 3676; x_wconf 85' lang='lat' dir='ltr'>Zachariam</span> <span class='ocrx_word' id='word_1_314' title='bbox 1155 3625 1323 3689; x_wconf 78' lang='lat' dir='ltr'>Anagninum,</span> <span class='ocrx_word' id='word_1_315' title='bbox 1337 3631 1362 3678; x_wconf 84' lang='lat' dir='ltr'>et</span> 
     </span>
     <span class='ocr_line' id='line_1_34' title="bbox 293 3703 1362 3774; baseline 0 -16"><span class='ocrx_word' id='word_1_316' title='bbox 293 3703 413 3761; x_wconf 83' lang='lat' dir='ltr'>Marinum</span> <span class='ocrx_word' id='word_1_317' title='bbox 426 3707 565 3771; x_wconf 85' lang='lat' dir='ltr'>Cerensam,</span> <span class='ocrx_word' id='word_1_318' title='bbox 583 3706 624 3771; x_wconf 89' lang='lat' dir='ltr'>qui</span> <span class='ocrx_word' id='word_1_319' title='bbox 641 3711 724 3771; x_wconf 87' lang='lat' dir='ltr'>postea</span> <span class='ocrx_word' id='word_1_320' title='bbox 739 3720 801 3772; x_wconf 89' lang='lat' dir='ltr'>papa</span> <span class='ocrx_word' id='word_1_321' title='bbox 813 3705 870 3758; x_wconf 84' lang='lat' dir='ltr'>fuit.</span> <span class='ocrx_word' id='word_1_322' title='bbox 890 3707 921 3759; x_wconf 82' lang='lat' dir='ltr'>V.</span> <span class='ocrx_word' id='word_1_323' title='bbox 938 3705 1130 3772; x_wconf 83' lang='lat' dir='ltr'>Hergeurether,</span> <span class='ocrx_word' id='word_1_324' title='bbox 1147 3705 1269 3770; x_wconf 73' lang='lat' dir='ltr'>arettas,</span> <span class='ocrx_word' id='word_1_325' title='bbox 1287 3712 1307 3758; x_wconf 86' lang='lat' dir='ltr'>t.</span> <span class='ocrx_word' id='word_1_326' title='bbox 1329 3706 1362 3774; x_wconf 86' lang='grc'><strong>11,</strong></span> 
     </span>
    </p>

    <p class='ocr_par' dir='ltr' id='par_1_7' title="bbox 293 3865 1361 4412">
     <span class='ocr_line' id='line_1_35' title="bbox 324 3865 1361 3932; baseline 0 -16"><span class='ocrx_word' id='word_1_327' title='bbox 324 3867 349 3920; x_wconf 80' lang='lat' dir='ltr'>l.</span> <span class='ocrx_word' id='word_1_328' title='bbox 362 3865 484 3920; x_wconf 83' lang='lat' dir='ltr'>lohannes</span> <span class='ocrx_word' id='word_1_329' title='bbox 498 3867 565 3930; x_wconf 84' lang='lat' dir='ltr'>Vlll,</span> <span class='ocrx_word' id='word_1_330' title='bbox 581 3865 675 3916; x_wconf 83' lang='lat' dir='ltr'>circiter</span> <span class='ocrx_word' id='word_1_331' title='bbox 687 3879 769 3918; x_wconf 88' lang='lat' dir='ltr'>mense</span> <span class='ocrx_word' id='word_1_332' title='bbox 780 3866 853 3916; x_wconf 86' lang='lat' dir='ltr'>lunio</span> <span class='ocrx_word' id='word_1_333' title='bbox 863 3881 886 3916; x_wconf 90' lang='lat' dir='ltr'>a.</span> <span class='ocrx_word' id='word_1_334' title='bbox 902 3868 958 3930; x_wconf 84' lang='grc'><strong>819,</strong></span> <span class='ocrx_word' id='word_1_335' title='bbox 970 3865 1000 3916; x_wconf 85' lang='lat' dir='ltr'>ad</span> <span class='ocrx_word' id='word_1_336' title='bbox 1011 3865 1124 3918; x_wconf 84' lang='lat' dir='ltr'>abbatem</span> <span class='ocrx_word' id='word_1_337' title='bbox 1136 3865 1277 3932; x_wconf 85' lang='lat' dir='ltr'>quemdam,</span> <span class='ocrx_word' id='word_1_338' title='bbox 1293 3866 1361 3918; x_wconf 74' lang='lat' dir='ltr'>Aua·</span> 
     </span>
     <span class='ocr_line' id='line_1_36' title="bbox 293 3945 1361 4012; baseline 0.002 -16"><span class='ocrx_word' id='word_1_339' title='bbox 293 3946 391 3996; x_wconf 86' lang='lat' dir='ltr'>etesium</span> <span class='ocrx_word' id='word_1_340' title='bbox 405 3947 511 4011; x_wconf 88' lang='lat' dir='ltr'>nomine,</span> <span class='ocrx_word' id='word_1_341' title='bbox 528 3946 632 4012; x_wconf 89' lang='lat' dir='ltr'>scripsit,</span> <span class='ocrx_word' id='word_1_342' title='bbox 647 3945 785 4012; x_wconf 78' lang='lat' dir='ltr'>precipiens</span> <span class='ocrx_word' id='word_1_343' title='bbox 804 3951 831 3997; x_wconf 93' lang='lat' dir='ltr'>ut</span> <span class='ocrx_word' id='word_1_344' title='bbox 849 3961 922 4012; x_wconf 87' lang='lat' dir='ltr'>quam</span> <span class='ocrx_word' id='word_1_345' title='bbox 941 3945 1050 3998; x_wconf 85' lang='lat' dir='ltr'>cellulam</span> <span class='ocrx_word' id='word_1_346' title='bbox 1066 3947 1093 3995; x_wconf 74' lang='lat' dir='ltr'>S.</span> <span class='ocrx_word' id='word_1_347' title='bbox 1108 3945 1233 3997; x_wconf 86' lang='lat' dir='ltr'>Valentini</span> <span class='ocrx_word' id='word_1_348' title='bbox 1247 3951 1361 4010; x_wconf 78' lang='lat' dir='ltr'>rapuerat</span> 
     </span>
     <span class='ocr_line' id='line_1_37' title="bbox 294 4021 1360 4092; baseline -0.004 -14"><span class='ocrx_word' id='word_1_349' title='bbox 294 4025 426 4078; x_wconf 84' lang='lat' dir='ltr'>Gaudericc</span> <span class='ocrx_word' id='word_1_350' title='bbox 440 4027 551 4092; x_wconf 89' lang='lat' dir='ltr'>eplsccpc</span> <span class='ocrx_word' id='word_1_351' title='bbox 563 4026 673 4077; x_wconf 87' lang='lat' dir='ltr'>redderet</span> <span class='ocrx_word' id='word_1_352' title='bbox 682 4028 715 4091; x_wconf 81' lang='lat' dir='ltr'>(a.</span> <span class='ocrx_word' id='word_1_353' title='bbox 729 4025 844 4077; x_wconf 77' lang='lat' dir='ltr'>iohannis</span> <span class='ocrx_word' id='word_1_354' title='bbox 853 4028 911 4078; x_wconf 87' lang='lat' dir='ltr'>Vlll</span> <span class='ocrx_word' id='word_1_355' title='bbox 926 4021 1009 4090; x_wconf 74' lang='lat' dir='ltr'>lipiat.</span> <span class='ocrx_word' id='word_1_356' title='bbox 1025 4026 1062 4077; x_wconf 82' lang='lat' dir='ltr'>od</span> <span class='ocrx_word' id='word_1_357' title='bbox 1074 4026 1243 4078; x_wconf 77' lang='lat' dir='ltr'>Anactorium</span> <span class='ocrx_word' id='word_1_358' title='bbox 1253 4021 1360 4090; x_wconf 67' lang='lat' dir='ltr'>religio-</span> 
     </span>
     <span class='ocr_line' id='line_1_38' title="bbox 293 4104 1361 4173; baseline -0.003 -17"><span class='ocrx_word' id='word_1_359' title='bbox 293 4106 596 4173; x_wconf 60' lang='lat' dir='ltr'>eneaeuocanthunc,</span> <span class='ocrx_word' id='word_1_360' title='bbox 611 4113 629 4158; x_wconf 85' lang='lat' dir='ltr'>t.</span> <span class='ocrx_word' id='word_1_361' title='bbox 645 4104 753 4170; x_wconf 79' lang='lat' dir='ltr'>cxxvi,</span> <span class='ocrx_word' id='word_1_362' title='bbox 768 4121 808 4170; x_wconf 86' lang='lat' dir='ltr'>ep.</span> <span class='ocrx_word' id='word_1_363' title='bbox 823 4107 877 4170; x_wconf 86' lang='grc'><strong>231,</strong></span> <span class='ocrx_word' id='word_1_364' title='bbox 892 4121 917 4171; x_wconf 92' lang='lat' dir='ltr'>p.</span> <span class='ocrx_word' id='word_1_365' title='bbox 931 4108 990 4168; x_wconf 74' lang='lat'>8493</span> <span class='ocrx_word' id='word_1_366' title='bbox 1001 4105 1070 4169; x_wconf 78' lang='lat' dir='ltr'>lade,</span> <span class='ocrx_word' id='word_1_367' title='bbox 1085 4121 1110 4158; x_wconf 89' lang='lat' dir='ltr'>n.</span> <span class='ocrx_word' id='word_1_368' title='bbox 1125 4107 1208 4168; x_wconf 83' lang='grc'><strong>3266).</strong></span> <span class='ocrx_word' id='word_1_369' title='bbox 1225 4106 1295 4156; x_wconf 86' lang='lat' dir='ltr'>iluna</span> <span class='ocrx_word' id='word_1_370' title='bbox 1307 4105 1361 4170; x_wconf 81' lang='lat' dir='ltr'>qui·</span> 
     </span>
     <span class='ocr_line' id='line_1_39' title="bbox 294 4184 1359 4252; baseline 0.001 -17"><span class='ocrx_word' id='word_1_371' title='bbox 294 4184 467 4237; x_wconf 83' lang='lat' dir='ltr'>demaristimc</span> <span class='ocrx_word' id='word_1_372' title='bbox 483 4188 595 4238; x_wconf 88' lang='lat' dir='ltr'>eumdem</span> <span class='ocrx_word' id='word_1_373' title='bbox 611 4188 722 4238; x_wconf 86' lang='lat' dir='ltr'>abbatem</span> <span class='ocrx_word' id='word_1_374' title='bbox 735 4199 786 4236; x_wconf 86' lang='lat' dir='ltr'>esse</span> <span class='ocrx_word' id='word_1_375' title='bbox 800 4184 830 4236; x_wconf 94' lang='lat' dir='ltr'>de</span> <span class='ocrx_word' id='word_1_376' title='bbox 844 4197 891 4250; x_wconf 85' lang='lat' dir='ltr'>quo</span> <span class='ocrx_word' id='word_1_377' title='bbox 904 4186 1026 4236; x_wconf 82' lang='lat' dir='ltr'>iohannes</span> <span class='ocrx_word' id='word_1_378' title='bbox 1038 4185 1107 4248; x_wconf 88' lang='lat' dir='ltr'>Vlll‚</span> <span class='ocrx_word' id='word_1_379' title='bbox 1123 4200 1146 4240; x_wconf 82' lang='lat' dir='ltr'>a.</span> <span class='ocrx_word' id='word_1_380' title='bbox 1161 4185 1218 4252; x_wconf 88' lang='grc'><strong>818,</strong></span> <span class='ocrx_word' id='word_1_381' title='bbox 1232 4184 1269 4236; x_wconf 84' lang='lat' dir='ltr'>sic</span> <span class='ocrx_word' id='word_1_382' title='bbox 1281 4187 1359 4252; x_wconf 83' lang='lat' dir='ltr'>scrip-</span> 
     </span>
     <span class='ocr_line' id='line_1_40' title="bbox 295 4263 1360 4334; baseline 0.004 -18"><span class='ocrx_word' id='word_1_383' title='bbox 295 4269 375 4333; x_wconf 78' lang='lat' dir='ltr'>serat:</span> <span class='ocrx_word' id='word_1_384' title='bbox 386 4282 400 4316; x_wconf 84' lang='lat' dir='ltr'>c</span> <span class='ocrx_word' id='word_1_385' title='bbox 410 4267 578 4320; x_wconf 77' lang='lat' dir='ltr'>amalfitani...</span> <span class='ocrx_word' id='word_1_386' title='bbox 590 4267 699 4334; x_wconf 82' lang='lat' dir='ltr'>quadam</span> <span class='ocrx_word' id='word_1_387' title='bbox 708 4265 786 4317; x_wconf 88' lang='lat' dir='ltr'>studio</span> <span class='ocrx_word' id='word_1_388' title='bbox 797 4265 934 4318; x_wconf 85' lang='lat' dir='ltr'>calliditatis</span> <span class='ocrx_word' id='word_1_389' title='bbox 946 4269 1065 4328; x_wconf 76' lang='lat' dir='ltr'>manant,</span> <span class='ocrx_word' id='word_1_390' title='bbox 1075 4263 1133 4331; x_wconf 88' lang='lat' dir='ltr'>quia</span> <span class='ocrx_word' id='word_1_391' title='bbox 1141 4265 1237 4332; x_wconf 88' lang='lat' dir='ltr'>utrique</span> <span class='ocrx_word' id='word_1_392' title='bbox 1247 4265 1360 4330; x_wconf 71' lang='lat' dir='ltr'>rubeus,</span> 
     </span>
     <span class='ocr_line' id='line_1_41' title="bbox 295 4337 1361 4412; baseline 0.006 -18"><span class='ocrx_word' id='word_1_393' title='bbox 295 4337 417 4394; x_wconf 79' lang='lat' dir='ltr'>lohannes</span> <span class='ocrx_word' id='word_1_394' title='bbox 427 4345 539 4399; x_wconf 79' lang='lat' dir='ltr'>videlicet</span> <span class='ocrx_word' id='word_1_395' title='bbox 552 4361 580 4398; x_wconf 86' lang='lat' dir='ltr'>ac</span> <span class='ocrx_word' id='word_1_396' title='bbox 593 4346 742 4406; x_wconf 63' lang='lat' dir='ltr'>demissius,</span> <span class='ocrx_word' id='word_1_397' title='bbox 757 4361 816 4411; x_wconf 88' lang='lat' dir='ltr'>quos</span> <span class='ocrx_word' id='word_1_398' title='bbox 829 4345 885 4398; x_wconf 89' lang='lat' dir='ltr'>illuc</span> <span class='ocrx_word' id='word_1_399' title='bbox 898 4360 926 4398; x_wconf 85' lang='lat' dir='ltr'>ex</span> <span class='ocrx_word' id='word_1_400' title='bbox 940 4351 1020 4398; x_wconf 85' lang='lat' dir='ltr'>nostra</span> <span class='ocrx_word' id='word_1_401' title='bbox 1031 4351 1098 4412; x_wconf 89' lang='lat' dir='ltr'>parte</span> <span class='ocrx_word' id='word_1_402' title='bbox 1107 4345 1246 4412; x_wconf 84' lang='lat' dir='ltr'>direximus,</span> <span class='ocrx_word' id='word_1_403' title='bbox 1268 4361 1317 4398; x_wconf 89' lang='lat' dir='ltr'>noa</span> <span class='ocrx_word' id='word_1_404' title='bbox 1335 4347 1361 4400; x_wconf 82' lang='lat' dir='ltr'>iu</span> 
     </span>
    </p>
   </div>
   <div class='ocr_carea' id='block_1_4' title="bbox 0 0 1483 5060">
    <p class='ocr_par' dir='ltr' id='par_1_8' title="bbox 0 0 1483 5060">
     <span class='ocr_line' id='line_1_42' title="bbox 0 0 1483 5060; baseline 0 0"><span class='ocrx_word' id='word_1_405' title='bbox 0 0 1483 5060; x_wconf 95' lang='lat' dir='ltr'> </span> 
     </span>
    </p>
   </div>
  </div>
 </body>
</html>
