3006 5050
227 480 268 549 88Ι
320 479 554 530 mediconno
576 477 670 528 ΡΑΡΑ
692 479 703 527 l
723 477 895 536 EJUSQUE'
912 474 1200 528 Fartlntsntnus

226 621 331 709 posse,
347 621 532 706 veritusque
555 638 597 686 ne
620 619 753 687 eeclesia
776 617 939 704 Romana,
960 617 1138 685 «nondum
1160 617 1293 684 habens

225 737 399 821 maculam,
430 743 560 821 propter
584 753 755 820 personam
784 734 821 800 in
838 733 937 800 tantis
965 731 1295 822 praevaricationibus

225 851 437 932 diffamatam,
466 847 628 916 horrendo
650 848 790 916 nrevo¹a
819 850 1051 934 macularetur,
1071 846 1205 914 tandem
1229 846 1294 913 ali-

142 1012 146 1016 ·
226 964 356 1053 quando
375 983 508 1032 omnem
529 963 647 1052 abjecit
669 964 888 1031 clementiam.
912 963 1025 1049 ltaque
1045 969 1294 1048 congregantur

226 1081 261 1147 in
275 1079 442 1148 basilicam
467 1078 771 1147 constantinianam
790 1079 931 1166 episcopi
952 1078 1060 1165 multi,
1077 1097 1206 1165 quaque
1216 1076 1290 1164 jam

225 1195 353 1283 pridem
373 1194 479 1263 fuerat
499 1194 681 1280 Zacharias,
698 1193 811 1262 eadem
830 1214 901 1262 sero
921 1193 1129 1261 Rbadoaldus
1150 1192 1296 1280 punitur

226 1309 558 1379 excommunicatione
567 1308 723 1396 omnique
733 1309 921 1376 sacerdotali
933 1307 1090 1394 dignitate
1103 1305 1286 1395 dejicitur².

270 1424 347 1494 Haec
356 1433 465 1492 autem
475 1433 544 1491 acta
554 1433 632 1491 sunt
641 1422 726 1491 eirca
734 1423 890 1491 kalendas
900 1423 1092 1491 novembres
1102 1423 1181 1490 anni
1190 1421 1293 1508 864³,

226 1540 258 1607 id
274 1549 335 1628 est,
348 1548 420 1628 post
431 1537 626 1627 legationem
639 1538 820 1606 Rbadoaldi
833 1538 1048 1626 Byzantinam
1058 1558 1144 1605 anno
1156 1546 1291 1625 quarto,

226 1655 363 1742 septimo
390 1663 501 1722 autem
522 1675 609 1722 anno
630 1673 668 1722 ex
688 1675 754 1742 quo
772 1654 924 1722 Nicolaus
944 1654 1055 1722 sedem
1081 1652 1292 1740 apostolicam

225 1769 375 1838 obtinere
402 1779 552 1856 corporat.
577 1769 681 1836 Tanta
704 1768 817 1837 Rome
843 1767 961 1853 luerat,
988 1767 1190 1855 temporibus
1210 1766 1294 1854 illis,

224 1885 399 1952 auotoritas
437 1885 497 1952 viri
530 1885 632 1971 illius,
663 1884 720 1971 qui
747 1885 826 1950 olim
858 1905 935 1952 cum
965 1884 1105 1951 Arsenio
1138 1882 1289 1971 episeopo

226 2000 378 2068 Hortensi
399 1999 601 2088 conjuratus,
622 1999 834 2067 Anastasium
860 1999 1058 2067 cardinalem
1085 1996 1121 2065 S.
1144 1997 1291 2065 Marcelli

225 2114 452 2205 presbyterum
478 2115 514 2182 in
534 2135 664 2183 summo
683 2114 871 2201 pontificatu
888 2112 1075 2201 occupando
1101 2111 1292 2201 adjuverat3·

225 2230 305 2298 adeo
329 2230 397 2319 jam
424 2239 550 2297 constat
578 2229 673 2297 istius
695 2228 842 2296 factionis
870 2229 1018 2296 homines
1046 2228 1170 2295 Nicolai
1198 2249 1296 2315 papat-

224 2337 481 2412 benevolentiam
497 2352 529 2412 et
542 2343 685 2412 favorem
699 2343 761 2410 sibi
776 2343 963 2412 conciliasse
976 2345 985 2411 l

268 2458 329 2526 tv.
356 2458 432 2524 Haeo
446 2457 487 2525 de
502 2457 689 2526 Rhadoaldo
708 2459 868 2545 episcopo.
894 2460 1018 2526 Auctor
1043 2477 1117 2526 vero
1136 2467 1167 2526 et
1190 2457 1291 2545 prin·

224 2593 299 2660 ceps
332 2571 479 2660 ejusdem
507 2571 688 2660 seditionis,
717 2573 890 2661 Arsenius,
920 2572 1090 2641 Hortensis
1118 2573 1290 2660 episcopus

224 2687 455 2776 Anastasiiquc
469 2696 572 2775 pater,
595 2689 734 2776 quasit,
756 2688 887 2756 Nicolao
905 2710 986 2776 papa
1004 2687 1033 2775 Ι,
1056 2688 1185 2755 fortuna
1207 2708 1290 2755 usus

225 2812 257 2870 at
275 2798 396 2891 lavore,
419 2802 540 2891 quibus
562 2802 693 2872 functus
716 2804 923 2892 muneribus,
939 2804 1043 2871 multo
1062 2804 1161 2872 etiam
1175 2802 1296 2870 utilius

220 2918 453 3006 -estindagare

269 3035 464 3103 Anastasius
483 3034 555 3122 jam
578 3044 650 3103 tum
673 3032 939 3102 bibliothecarius
958 3033 1099 3102 ecelesiae
1116 3032 1292 3121 Romanae,

257 3282 280 3331 1.
297 3277 389 3329 Nicolai
404 3281 536 3344 Epicteti
550 3280 646 3332 crunt.
658 3280 800 3346 patriarch.
815 3279 912 3345 (Colcti,
928 3280 998 3345 ibid,
1013 3295 1038 3346 p.
1053 3281 1133 3342 1312.)

255 3361 280 3410 2.
297 3375 310 3404 ι
322 3360 472 3424 Quapropter
484 3367 612 3410 convocata
631 3362 834 3411 sanctissimorum
852 3362 1017 3426 episcoporum
1038 3375 1165 3410 numerosa
1175 3365 1201 3409 ct
1214 3375 1289 3409 scne-

224 3438 293 3488 rabili
305 3438 395 3503 synodo
405 3439 428 3487 in
441 3440 551 3503 superius
562 3446 694 3490 memorata
703 3439 802 3490 eeclesia
816 3438 1016 3506 salvatorisque
1025 3439 1157 3505 appellatur
1168 3440 1290 3490 Constan-

224 3519 322 3579 tiniana,
334 3519 476 3568 auctoritato
487 3520 532 3570 Dci
547 3519 725 3584 omnipotentis,
739 3526 765 3571 et
783 3520 908 3570 beatorum
922 3521 989 3571 Petri
1005 3527 1030 3570 et
1044 3520 1114 3571 Pauli
1126 3517 1293 3583 apostolorum.

224 3598 369 3663 principum,
387 3604 413 3648 et
426 3599 535 3648 omnium
548 3599 619 3648 simul
631 3606 776 3663 sanctorum,
791 3615 892 3664 qnorum
907 3599 1003 3662 regulas
1017 3606 1043 3648 et
1061 3599 1158 3649 decreta
1171 3597 1289 3663 multipli-

223 3679 282 3730 citer
291 3678 398 3743 violavit,
406 3692 497 3729 ncenon
511 3685 535 3728 ct
547 3679 621 3730 nostri
631 3680 776 3743 apostolatus
784 3680 883 3743 judicio,
894 3679 1048 3744 deposuimus
1059 3695 1124 3744 eum,
1132 3684 1157 3728 et
1168 3693 1294 3742 acorporo

224 3758 375 3822 strangulas
386 3759 475 3810 Christi
486 3757 755 3810 excommunicavimus.
765 3777 779 3808 a
789 3759 883 3809 Nicolai
894 3760 977 3824 Epist.
991 3761 1027 3810 ud
1037 3761 1135 3810 Orient.
1140 3757 1289 3823 patriarch.

226 3837 316 3904 (ibid).

254 3919 279 3967 3.
296 3918 462 3969 Rhadoaldum
475 3919 575 3984 quidam
589 3917 660 3983 paulo
672 3924 729 3968 anto
742 3933 793 3968 osso
807 3919 1001 3980 condemnatum,
1020 3933 1082 3969 anno
1096 3933 1184 3983 nempe
1199 3916 1294 3980 madio,

224 3994 334 4060 opinatur
348 3999 432 4050 liciole
450 3999 572 4065 (Histoire
593 3998 638 4048 des
654 3997 770 4060 conciter,
783 4003 802 4048 t.
816 4000 848 4061 V,
856 4014 881 4064 p.
894 4001 960 4062 48853
983 4005 1008 4048 at
1028 3998 1052 4048 id
1075 4000 1121 4049 Pb.
1140 3995 1202 4049 aare
1225 3997 1290 4046 circa

222 4073 334 4126 kalendas
345 4080 487 4130 novembres
500 4079 614 4130 accidisse
625 4077 699 4128 multo
710 4077 790 4126 scrius
797 4078 949 4128 existimabat
960 4080 1085 4144 (Reperio,
1099 4094 1123 4143 p.
1136 4077 1203 4140 355),
1216 4091 1288 4142 pmp-

223 4160 290 4206 taret
309 4157 374 4220 quod
395 4159 521 4225 episcopus
544 4159 690 4221 Parmensis,
708 4164 735 4207 ut
757 4172 785 4206 er
801 4158 937 4208 narratione
961 4159 1054 4209 Nicolai
1077 4164 1228 4222 compertum
1253 4163 1292 4206 ost

223 4235 257 4300 (t.
270 4249 351 4300 supra,
365 4251 389 4301 p.
405 4240 456 4303 81),
478 4240 559 4304 sugam
576 4248 628 4291 tum
642 4238 801 4306 capessiverat
816 4252 872 4286 cum
890 4253 919 4288 aa
937 4239 1042 4304 synodus
1056 4239 1202 4300 immineret,
1218 4251 1292 4302 quam

223 4330 252 4366 ex
268 4313 344 4364 altera
356 4324 423 4382 parte
435 4321 545 4370 novimus
555 4327 663 4372 vocatam
676 4335 728 4370 esso
740 4319 765 4368 in
776 4317 888 4370 kalendas
898 4319 1040 4370 novembres
1055 4321 1089 4384 (p.
1101 4320 1141 4382 st,
1152 4333 1177 4368 n.
1192 4321 1227 4378 1).
