2944 5060
366 406 523 459 ULTlIIAE
545 407 748 460 ANASTASII
775 410 994 462 PALINODIAE
1166 411 1210 458 ΞΠ

191 555 248 640 It,
257 552 299 621 ab
309 571 395 620 anno
401 553 693 642 8¹15,Auastasius,
706 555 740 623 In
754 555 895 642 gratiam
905 554 1012 622 Caroli
1021 551 1123 636 Calvi,
1137 571 1208 620 sen·

146 669 284 737 tentiam
307 675 496 734 commutat.
522 666 654 736 Dixerat
674 669 752 736 olim
773 668 951 756 Erigonam
974 669 1009 736 in
1030 669 1115 736 mala
1139 687 1209 736 esse

146 783 313 871 opinione,
325 781 633 852 nunciemaflorere
646 783 794 872 pertenta
812 785 993 854 sanctitatis
1012 793 1171 853 asseverat
1182 783 1206 851 ¹.

146 898 343 986 Suspectum
361 898 520 967 habuerat
535 899 622 966 illius
636 920 730 989 opus,
745 902 807 968 hnc
825 899 893 989 jam
908 900 1061 988 opinatur
1078 909 1210 968 auctore

146 1013 272 1102 Spiritu
292 1024 403 1084 sancto
424 1022 521 1102 atque
539 1015 693 1102 magistra
711 1016 844 1084 cantate
857 1013 1110 1103 conscriptum².

190 1128 258 1198 Nec
279 1129 391 1198 minus
407 1129 531 1198 mirum
549 1139 599 1198 est
618 1151 718 1218 quam
736 1131 895 1219 sollerter,
914 1131 954 1198 ab
973 1130 1028 1198 illo
1048 1139 1206 1216 tempore,

145 1245 339 1313 Anastasius
353 1266 429 1314 oum
447 1245 627 1314 Hiuomcro
640 1244 796 1314 Remensi
819 1247 980 1316 rationem
1000 1245 1118 1333 agendi
1136 1265 1208 1314 ver·

146 1360 234 1428 terit.

82 1545 85 1550 .
147 1513 151 1520 ·
188 1475 343 1545 Vidimus
376 1476 524 1545 enimin
552 1476 657 1565 capite
684 1475 853 1564 superiore
879 1477 1010 1564 qualem
1039 1475 1101 1544 iste
1134 1494 1209 1544 sen·

144 1592 295 1681 tentiam,
321 1592 357 1660 in
383 1613 480 1662 causa
503 1592 675 1660 Hicemcri
688 1591 935 1679 henamensis,
957 1591 1051 1679 quasi
1075 1611 1112 1660 ex
1139 1592 1207 1660 Ha·

144 1709 252 1776 driani
278 1728 416 1794 persona
437 1708 564 1794 dixerit,
594 1716 716 1797 quanm
738 1708 973 1778 asseveratione
999 1705 1208 1776 affirmaverit

144 1839 319 1910 nunquam
342 1823 450 1892 reich
473 1823 630 1912 episcopis
652 1823 807 1912 judicatas
833 1843 1001 1891 summum
1016 1823 1203 1910 pontificem

145 1955 370 2026 assensumm,
386 1938 450 2006 nIsi
470 1948 555 2008 esset
567 1939 692 2027 Romae,
708 1948 867 2027 prasente
883 1938 1062 2006 Hincrocro
1078 1937 1209 2006 haudu-

144 2053 253 2140 nensi,
267 2063 335 2121 tota
348 2073 445 2122 causa
462 2053 610 2123 refrIeato
626 2066 723 2142 atque
737 2063 902 2123 renovata.

190 2167 254 2237 Sed
277 2169 420 2237 Iohanni
448 2190 538 2257 pape
563 2168 643 2238 VIII
668 2191 736 2236 non
755 2169 844 2239 idam
866 2169 1000 2259 placuit.
1026 2167 1111 2236 Nam
1130 2187 1206 2235 eum

144 2284 280 2353 Carolus
294 2282 411 2353 Calvus
424 2283 578 2370 Romam,
599 2283 639 2352 cd
653 2283 871 2353 obtinendum
889 2283 1080 2371 imperium,
1102 2280 1209 2351 venis·

143 2409 206 2488 set,
224 2419 281 2487 per
299 2398 387 2488 ipsos
406 2400 624 2468 coronationis
640 2398 737 2468 festos
760 2400 843 2489 dies,
866 2419 1017 2468 summus
1044 2399 1098 2467 ille
1121 2419 1206 2485 pon·

142 2517 234 2605 tifex,
253 2516 363 2586 audita
383 2516 589 2606 imperatoris
609 2516 809 2605 narratione,
829 2537 901 2585 rem
917 2517 1042 2606 liquere
1060 2537 1209 2605 pronun·

143 2634 248 2722 tiavit,
289 2653 348 2701 nec
379 2650 462 2719 opus
490 2652 560 2700 esse
593 2642 631 2700 ut
665 2633 832 2722 epiScopus
870 2632 1101 2702 Laudnnensis
1138 2635 1208 2723 ipse

143 2749 325 2832 audiretur,
358 2757 415 2816 aut
450 2767 547 2816 eausa
586 2758 662 2816 ante
698 2749 777 2817 alios
801 2748 930 2836 judIoes
961 2747 1203 2818 renovareturI.

174 2991 197 3040 I.
213 2986 377 3038 «Mirandum
391 2992 428 3038 est
441 3000 537 3051 quoque
548 2971 666 3051 quomodo
682 2987 719 3037 vir
730 2986 771 3036 ille
782 2987 908 3051 barbarus,
923 2987 965 3052 qui
979 2987 1004 3036 io
1018 2986 1106 3036 linibus
1122 2985 1207 3038 mundi

142 3068 243 3131 positus,
254 3072 342 3131 quanto
357 3067 387 3116 ab
403 3066 540 3116 hominibus
555 3067 741 3130 conversatione,
755 3073 822 3117 tanto
835 3067 900 3117 credi
914 3067 991 3132 potuit
1005 3066 1103 3118 alterius
1116 3066 1206 3129 Irngua

143 3146 245 3197 dictione
271 3147 425 3211 longinquus,
445 3146 501 3197 talia
519 3147 640 3197 intellectu
659 3161 743 3212 cepere
763 3145 788 3195 in
809 3145 929 3211 aliamque
951 3146 1059 3209 linguam
1077 3147 1206 3198 transferre

142 3227 225 3278 valuit.
239 3227 375 3278 Iohannem
385 3228 458 3277 innuo
473 3227 625 3290 Scotigenam
639 3227 727 3292 virum,
742 3241 816 3292 poem
829 3227 920 3277 auditu
934 3229 1045 3292 comperi
1058 3243 1104 3292 per
1117 3227 1205 3278 onznia

141 3311 268 3358 coactum.
279 3324 293 3356 ι
305 3308 424 3358 Λιιιιιιιί
438 3308 521 3372 Epist.
533 3307 569 3358 ool
580 3307 703 3359 Coretum
719 3307 825 3358 Calvum
841 3308 948 3370 (Migne,
961 3314 980 3358 t.
994 3309 1102 3371 CXXIX,
1114 3323 1139 3372 p.
1150 3311 1205 3371 739,

142 3393 167 3437 et
179 3392 199 3438 t.
213 3387 312 3451 CXXII,
325 3402 350 3452 p.
365 3387 446 3452 Inar).

173 3469 197 3516 2.
220 3485 232 3514 ι
251 3466 301 3519 Sed
314 3467 358 3516 hoc
371 3472 482 3531 operatus
499 3473 536 3518 est
550 3466 589 3517 ille
603 3467 688 3517 artifex
703 3467 808 3533 Spiritus
826 3473 929 3533 sanctus,
947 3468 989 3533 qui
1005 3466 1068 3518 huno
1082 3467 1206 3518 ardentem

141 3547 232 3612 pariter
247 3553 272 3596 st
285 3546 423 3611 loquentem
435 3547 523 3597 fecit...
537 3549 607 3598 Hunc
620 3548 737 3609 megIstra
750 3549 835 3598 caritas
851 3549 939 3611 docuit,
953 3548 1017 3613 quod
1033 3548 1062 3598 ad
1077 3547 1206 3599 multorum

141 3627 325 3679 instructionem
347 3633 372 3676 et
392 3625 573 3676 adificaIIonem
591 3627 733 3692 patrarit.»
756 3627 840 3692 (Ibid.)
860 3627 934 3679 Addit
956 3633 1037 3677 tamen
1056 3627 1205 3689 Anastasius,

140 3709 215 3759 homo
235 3721 292 3756 sane
312 3721 407 3768 magna
429 3707 559 3771 modestia,
580 3707 681 3758 Iohanni
695 3708 767 3760 Scoto
779 3708 897 3772 Spiritum
914 3712 1023 3758 sanctum
1042 3707 1094 3756 «sd
1108 3722 1206 3758 mensu·

140 3804 193 3840 ram
207 3805 221 3836 ι
235 3792 330 3838 tantrma
344 3787 427 3838 datum
441 3801 501 3848 esse,
515 3801 545 3838 ex
559 3802 606 3851 quc
620 3786 665 3836 sihi
679 3802 776 3838 uacasse
789 3787 864 3839 fuerit
876 3787 1016 3852 ampliorem
1029 3786 1107 3837 lucem
1118 3788 1153 3838 rel
1165 3787 1207 3838 ad-

140 3883 247 3918 movere.
262 3867 346 3932 (lbid.)

173 3951 198 3998 3.
222 3965 236 3995 ιι
251 3949 313 4008 Quia
324 3953 405 3996 tamen
420 3946 557 3996 carissimus
571 3945 634 3995 filius
648 3953 728 3997 noster
741 3947 839 3999 Carolus
854 3946 1022 3997 invictissimos
1037 3947 1175 4010 Imperator,
1192 3963 1206 3996 a

145 4029 215 4078 nobis
236 4027 421 4090 diligentissime
441 4031 615 4092 percunctatus,
638 4028 840 4078 circumstantiam
855 4026 939 4090 iudicii
963 4041 977 4075 ιι
1000 4027 1147 4077 beatitudine
1166 4034 1207 4077 tua

145 4107 338 4173 coepiscopisque
354 4108 403 4157 suis
423 4108 447 4156 in
468 4106 625 4158 Hincmarnm
646 4107 737 4156 dudum
757 4106 940 4156 Lauduncnsem
961 4106 1098 4170 episcopum
1120 4107 1206 4172 prolati

145 4187 288 4254 apostolatui
309 4194 390 4238 uostm
408 4187 498 4248 retulit,
518 4187 659 4248 agnovimus
676 4189 770 4250 justum
781 4185 857 4236 fnisse
871 4185 966 4236 omnino
982 4186 1108 4249 judicium.
1123 4189 1207 4252 Neque

148 4269 215 4318 enim
230 4273 310 4320 tantus
329 4268 438 4333 prInceps
458 4268 504 4318 nisi
519 4267 619 4318 veritate
631 4267 720 4318 tultum
735 4266 866 4332 quidquam
883 4271 975 4333 poterat
993 4267 1121 4319 affirmare.
1141 4267 1211 4320 Unde
