3006 5050
491 436 654 490 Patulus
676 437 917 490 osntsut'tun
1190 443 1233 493 ill

167 598 241 658 tum
259 584 361 673 misit,
381 584 438 673 qui
453 583 622 653 Nicolaum
637 595 827 674 precaretur
848 595 886 653 ut
906 585 988 654 Auta
1002 584 1102 676 hujus
1116 589 1231 676 synodi

169 701 383 773 Suessionicae
395 708 464 768 rata
479 719 516 768 aa
527 700 719 768 confirmata
730 699 865 769 haberet
876 699 899 768 ¹.

215 819 269 886 Sie
280 815 354 904 luit,
363 824 524 904 quantum
536 814 614 884 satis
625 824 674 884 est
684 814 724 882 ad
732 835 803 883 rem
813 825 955 885 nostram
967 815 1088 906 dicere,
1099 817 1235 887 celebris

167 936 224 1004 ille
240 952 349 1020 eausa,
368 932 404 999 in
426 951 490 1019 qua
513 930 666 999 Nieolaus
684 928 827 1018 pontifex
851 940 1056 1001 constantem
1076 933 1236 1002 validissi-

167 1068 324 1134 memque
339 1045 632 1135 propugnationem
646 1066 705 1134 pro
718 1045 867 1114 Rothado
883 1045 928 1114 ita
950 1047 1011 1114 sibi
1027 1049 1181 1138 suscepit,
1199 1057 1237 1118 ut

166 1169 258 1234 huno
270 1163 403 1232 tandem
415 1161 616 1248 episcopum,
637 1180 737 1249 quem
748 1160 888 1230 Romam
902 1172 1081 1250 vocaverat,
1104 1185 1163 1251 pro
1177 1184 1236 1233 sua

168 1299 300 1348 summa
311 1285 467 1366 potestate
477 1274 512 1343 in
522 1274 695 1362 pristinam
708 1274 902 1361 dignitatem
912 1275 1103 1368 restituerit.
1115 1275 1154 1345 In
1164 1279 1237 1366 qui-

167 1395 233 1461 bns
247 1391 402 1460 omnibus
421 1390 455 1458 id
469 1397 600 1458 tantum
620 1388 797 1458 dolendum
812 1398 862 1458 est
876 1389 1048 1460 accessisse
1069 1393 1236 1462 Anastasii

168 1527 305 1594 oporam
322 1516 354 1576 et
369 1502 554 1593 ingenium,
570 1523 709 1591 eamque
721 1523 854 1572 eausam
869 1525 886 1572 a
901 1505 957 1572 tali
974 1504 1042 1574 viro
1062 1504 1162 1576 luisse
1178 1507 1236 1576 de·

168 1622 309 1691 sensam.

217 1735 449 1823 alloquium
464 1755 539 1804 vera
550 1734 766 1802 Hinemarum
778 1735 923 1823 aliosque
934 1734 1044 1804 Galliae
1054 1736 1234 1826 episcopos,

169 1858 286 1917 contra
311 1871 411 1939 quam
435 1851 506 1937 lege
524 1849 688 1920 sancitum
709 1860 793 1918 esset
813 1850 964 1918 nonnihil
986 1851 1106 1938 egisse,
1125 1871 1235 1938 nemo,

170 1975 212 2032 ut
246 1964 386 2052 opinor,
414 1963 549 2032 infitiari
581 1973 698 2053 potest.
736 1964 834 2051 Nam,
863 1965 1087 2052 quamtumvis
1123 1984 1237 2034 verum

169 2090 258 2149 esset
271 2079 459 2148 Ruthadum
470 2079 510 2149 de
524 2079 600 2168 jure
615 2079 839 2168 appellationis
852 2079 892 2147 ad
903 2079 1091 2148 Romanum
1105 2081 1239 2168 pontifi·

170 2212 245 2259 oem
263 2212 438 2278 pammpar
456 2190 643 2276 decessisse,
657 2191 718 2260 iste
741 2191 955 2259 nihilominus
969 2190 1151 2280 episeopus,
1168 2200 1239 2279 post

171 2307 327 2394 synodale
339 2305 511 2395 judicium,
527 2307 568 2375 de
581 2305 703 2394 injusta
715 2306 750 2374 in
763 2327 798 2374 se
813 2307 901 2374 illata
914 2305 1076 2375 sententia
1090 2316 1239 2396 expostu-

170 2425 257 2490 lasse
279 2423 469 2512 perhibetur
478 2421 503 2491 ².
529 2422 608 2503 Quae
629 2442 705 2490 eum
728 2421 774 2490 ita
798 2431 922 2507 essent,
948 2442 1136 2511 quanquam
1160 2443 1238 2492 saue

170 2537 353 2606 Hincmaro
368 2557 427 2625 per
445 2538 592 2625 regulam
612 2536 839 2606 Sardiuensam
855 2537 947 2605 licuit
956 2536 1120 2625 judicium
1134 2537 1168 2604 in
1185 2559 1241 2626 sy·

171 2653 261 2720 nodo
271 2650 476 2720 Suessionioa
490 2653 593 2720 latum
608 2651 740 2720 interim
754 2653 898 2739 exsequi,
914 2673 950 2720 au
963 2651 1151 2721 Ruthadum
1160 2672 1240 2720 uun-

170 2768 366 2836 demnatum
400 2767 440 2836 ab
473 2766 578 2836 olfioio
617 2767 789 2856 episcopali
824 2768 865 2836 ad
897 2778 1027 2855 tempus
1054 2787 1203 2835 amovere
1212 2764 1237 2850 ³,

171 2893 285 2952 tamen
308 2902 344 2951 ex
364 2881 478 2952 eadam
500 2884 571 2970 lege
586 2881 771 2951 Sardieensi
794 2883 920 2969 debuit,
943 2892 1117 2970 antequem
1137 2881 1238 2949 alium

172 2998 362 3086 episcopum
374 2999 410 3066 in
423 3000 531 3067 lunum
541 2998 640 3067 amoti
654 2998 790 3067 Ruthadi
801 2997 976 3085 sufficeret,
989 3017 1060 3065 rem
1075 2997 1239 3066 adsedem

172 3114 381 3201 apostolicam
401 3112 526 3183 deleme
540 3135 577 3182 aa
591 3113 787 3182 sententiam
801 3123 984 3200 exspectare
1001 3112 1142 3181 Romani
1157 3133 1241 3201 pon-

173 3229 283 3316 tificis,
308 3227 401 3318 eujus
423 3239 504 3317 erat,
526 3239 564 3298 nt
587 3228 686 3299 verbo
705 3239 737 3299 et
758 3229 995 3298 consuetudine
1016 3238 1102 3316 utar,
1125 3249 1239 3298 causas

174 3344 337 3433 ejusmodi
354 3344 531 3414 terminare
539 3343 563 3413 ⁸.

207 3498 231 3546 l.
256 3493 350 3544 Nicolai
373 3493 490 3559 Epistola
506 3493 543 3544 ud
561 3493 726 3545 Hincmurum
761 3492 864 3558 (Migue,
888 3492 959 3559 ibid,
976 3508 1016 3558 ep.
1038 3495 1078 3554 33,
1098 3506 1123 3557 p.
1143 3493 1188 3542 823
1206 3491 1240 3554 D,

175 3577 222 3626 824
250 3575 282 3638 D)
289 3590 298 3638 ;
328 3575 413 3639 Epist.
433 3573 470 3624 ud
490 3575 617 3639 episcopos
638 3574 733 3638 synodi
747 3573 910 3624 suessionicae
933 3574 1035 3639 (Migne,
1060 3572 1129 3636 ibid,
1143 3586 1183 3637 ep.
1197 3573 1237 3636 35,

176 3671 203 3721 p.
213 3658 259 3706 83⁰
274 3656 306 3717 D;
318 3657 350 3705 ei.
365 3654 459 3718 Helele,
470 3654 536 3705 Hiat.
551 3654 578 3705 d.
590 3669 669 3717 conc,
685 3659 704 3704 t.
719 3654 752 3717 V,
767 3668 790 3719 p.
809 3654 876 3719 tlt).

207 3738 232 3786 2.
249 3737 281 3786 V.
296 3734 384 3786 tilieti.
397 3736 477 3800 proci.
489 3735 600 3787 notioni
614 3735 711 3801 (coleti,
723 3741 742 3784 t.
759 3737 791 3798 X,
809 3750 834 3799 p.
847 3737 934 3796 ant-t)
949 3741 975 3786 et
991 3730 1243 3786 SermonemNicoloi

175 3816 220 3866 die
231 3816 303 3881 uipil.
320 3817 400 3866 nativ.
413 3816 517 3866 Domini
528 3815 651 3881 liuditum,
665 3831 687 3866 ι.
701 3818 746 3867 tut
757 3816 860 3882 (migne,
874 3821 894 3867 t.
907 3816 993 3877 CXlX,
1010 3830 1034 3880 p.
1050 3818 1093 3866 tat
1105 3815 1144 3870 ct.

207 3899 231 3948 3.
248 3897 284 3946 Ex
306 3902 391 3961 quarto
409 3894 557 3948 sardicensis
586 3895 681 3946 coneilii
706 3910 797 3946 oenone
825 3900 892 3960 patet
917 3894 1077 3961 appellantem
1102 3894 1239 3959 episcopum

174 3976 206 4027 ad
229 3979 364 4027 Romanum
389 3977 525 4041 pontificem
552 3978 605 4040 jam
623 3975 770 4042 depositione
793 3975 936 4026 mulctatum
958 3990 1010 4025 esse
1024 3989 1030 4024 :
1045 3991 1058 4021 α
1071 3975 1134 4025 Cum
1153 3972 1239 4038 aliquis

174 4056 301 4121 episeopus
314 4056 440 4122 depositus
456 4057 538 4121 fuerit
550 4070 632 4106 eorum
648 4057 814 4120 episcoporum
827 4054 927 4117 iudicio,
942 4054 983 4118 qui
1001 4055 1025 4103 in
1039 4054 1123 4104 uicinis
1133 4067 1240 4104 eommo-

174 4142 270 4200 rantur,
280 4144 305 4186 et
312 4136 498 4201 proclamaverit
506 4136 807 4199 agendumaibinegutmm
816 4135 841 4184 in
849 4135 908 4184 urbe
915 4135 1020 4197 Romu»
1030 4141 1077 4185 ete.
1085 4136 1135 4200 (ap.
1145 4133 1239 4198 Helele,

175 4217 242 4268 ilasi.
257 4216 285 4267 d.
300 4231 383 4279 cuno,
396 4222 414 4269 t.
427 4218 449 4280 l,
461 4232 486 4281 p.
499 4216 563 4280 554).

207 4300 232 4347 l.
250 4296 343 4348 «Alter
357 4297 481 4363 episeopus
500 4297 524 4346 in
540 4297 591 4360 ejus
611 4296 733 4361 cathedra,
756 4300 810 4362 post
825 4293 1008 4361 appellationem
1025 4295 1132 4362 ejusqui
1146 4294 1242 4346 uidetur
