3006 5050
429 449 474 500 ΕΤ
498 447 717 500 contusum
741 447 785 498 ΕΤ
808 445 990 498 ntcrtvtt
1198 449 1242 498 stt

179 601 335 678 nestotae,
368 602 429 658 aut
460 589 620 682 perditun,
650 589 838 658 autetiam
869 600 1005 680 propter
1035 587 1127 680 quod
1152 587 1243 657 codis

178 707 327 775 dubietas
358 704 513 774 credendi
538 718 764 796 peneroretnr,
790 727 852 796 pro
879 701 975 773 litteo
1000 703 1097 772 aliter
1123 703 1244 772 tante

174 822 330 914 fuissent,
365 820 597 912 maqnitudini
620 829 735 888 oestroe
757 842 816 912 per
840 820 929 888 dunc
954 820 1106 910 peculum
1137 831 1245 888 truns-

177 937 339 1004 mc'simns.
366 940 468 1023 Tunc,
488 936 518 1003 si
541 935 747 1003 authenticas
765 934 813 1002 ite
839 957 873 1002 se
900 933 1019 1002 tatere
1047 933 1243 1024 repereritis,

177 1074 327 1120 assensus
353 1064 457 1120 uester
491 1050 597 1120 eidem
625 1049 762 1118 Arseoio
790 1048 991 1138 prebeatur.
1021 1048 1087 1118 Sin
1117 1060 1243 1134 nutent,

177 1179 310 1259 excepto
338 1166 378 1236 de
403 1165 555 1236 llleotodo
590 1177 621 1234 et
649 1165 807 1248 Attente,
842 1163 895 1232 illi
932 1185 990 1232 vos
1022 1162 1151 1232 creden
1176 1185 1245 1232 non

177 1284 337 1374 oportel¹.
350 1307 367 1348 n

223 1401 271 1468 Ex
286 1400 407 1488 quibus
428 1399 534 1470 verbis
554 1401 672 1488 aliquis
692 1399 826 1468 fortasse
847 1397 1018 1467 concludet
1030 1397 1199 1466 Nicolaum
1214 1393 1242 1484 1,

178 1517 329 1605 quamvis
353 1518 495 1584 multum
521 1515 661 1585 Arsenio
683 1515 837 1584 Hortensi
860 1523 1019 1601 uteretur,
1044 1522 1245 1582 nontamen

179 1633 300 1700 intimo
321 1632 416 1699 corde
442 1629 617 1718 perfectam
645 1632 674 1700 ei
700 1631 799 1700 fidem
821 1631 997 1719 hahuisse3
1025 1629 1066 1698 de
1092 1650 1158 1716 quo
1185 1647 1246 1716 ego

181 1769 251 1815 non
270 1746 413 1835 disputo,
432 1755 562 1814 tantum
581 1747 679 1814 velim
699 1747 876 1834 intelligas,
898 1745 984 1830 quod
1004 1743 1245 1834 supradictum

180 1872 230 1930 est
257 1860 297 1929 de
319 1862 494 1930 Anastasio
511 1860 696 1930 litterarum
719 1861 843 1930 Nicolai
876 1858 1033 1928 dictatore
1064 1858 1244 1946 ordinario,

179 1978 261 2045 illud
287 1975 375 2044 idem
405 1997 441 2044 er
467 1979 529 2045 hee
553 1977 740 2064 exceptione
765 1997 832 2044 non
853 1975 1030 2064 infirmari,
1052 1975 1109 2044 sed
1138 1975 1246 2063 potius

180 2094 384 2162 confirmari.

224 2209 277 2275 En
305 2229 402 2277 consa
429 2208 541 2295 etiam,
566 2217 675 2294 utego
691 2206 817 2296 judico,
846 2227 907 2275 cur
930 2204 1064 2274 Arsenii
1088 2201 1246 2274 iurta²dc

181 2324 302 2411 quihus
316 2323 467 2391 Nicolaus
473 2323 610 2412 jamjam
625 2324 806 2390 moriturus
820 2321 1050 2390 Hludowicum
1075 2320 1248 2390 Germani·

181 2462 258 2507 cum
273 2461 408 2508 monere
422 2461 481 2528 per
493 2440 616 2507 litteras
629 2439 785 2522 voluerat,
809 2438 845 2504 in
871 2439 942 2526 ipsa
964 2437 1099 2526 epistola
1113 2458 1178 2504 non
1194 2455 1248 2505 re-

180 2557 245 2623 lata
271 2556 350 2642 sint,
375 2557 432 2624 sed
457 2555 493 2622 in
516 2553 655 2622 embolia
676 2553 763 2641 quod
788 2553 871 2622 olim·
888 2553 1059 2641 vocabant,
1078 2551 1164 2640 quod
1188 2573 1247 2620 nos

180 2670 434 2761 post-scriptum
448 2670 620 2738 nominare
634 2667 807 2738 solemns³.
829 2668 985 2736 Noluerat
1001 2668 1091 2736 enirn
1106 2665 1246 2752 pontifex

182 2795 343 2872 pstremo
370 2785 436 2852 filio
467 2785 586 2872 notari,
610 2785 816 2874 perfectaque
838 2783 879 2851 ab
904 2781 1077 2851 Anastasio
1099 2783 1246 2871 epistola,

183 2923 256 2988 quae
270 2901 310 2969 ad
320 2903 500 2970 Arsenium
515 2902 716 2992 spectabant,
730 2908 788 2968 aut
801 2901 870 2989 ipse
881 2920 941 2969 sua
950 2919 1052 2967 manu
1065 2897 1246 2984 addiderat,

185 3025 240 3083 aut
253 3015 295 3083 ab
311 3017 374 3083 alio
390 3016 547 3104 scriptore
565 3015 713 3084 addenda
730 3023 911 3083 curaverat.

226 3132 337 3218 Atque
363 3131 477 3218 quanti
506 3132 549 3199 sit
569 3132 729 3200 momenti
757 3130 840 3198 illud
870 3149 991 3198 novum
1016 3127 1104 3216 quod
1127 3126 1164 3196 in
1188 3127 1249 3197 hoc

183 3245 287 3333 capite
308 3246 472 3334 proposui,
489 3266 597 3315 nemo.
611 3255 660 3315 est
674 3246 730 3334 qui
754 3267 821 3314 non
844 3243 1030 3332 perspiciat.
1056 3242 1144 3324 Quas
1159 3243 1249 3314 enim

184 3360 306 3429 litteras
322 3361 525 3444 Anastasius,
549 3361 672 3428 Nicolai
689 3360 895 3446 auctoritate,
915 3357 1072 3442 condidit,
1091 3367 1125 3426 et
1138 3359 1250 3426 multae

185 3485 262 3543 sunt
285 3486 317 3544 et
330 3476 429 3544 rebus
446 3476 618 3563 disputatis
638 3475 797 3562 insignes.
824 3475 980 3556 Quamvis
1008 3473 1250 3560 enim,utmox

120 3632 124 3636 -
186 3590 334 3678 pluribus
351 3592 469 3677 dicam,
495 3592 652 3659 nonnulla
662 3591 699 3658 in
712 3590 855 3678 epistolis
869 3591 994 3659 Nicoloi
1008 3587 1249 3674 desiderentur,

185 3727 258 3794 quae
285 3716 357 3774 tum
383 3707 419 3773 in
450 3706 694 3775 contentionem
719 3717 890 3795 venerant,
912 3707 947 3774 in
974 3709 1027 3776 his
1055 3718 1164 3777 tamen
1199 3729 1250 3778 res

183 3843 295 3910 graves
330 3821 509 3909 agitantur,
547 3843 621 3910 quae
652 3833 846 3912 perpetuam
880 3822 1058 3892 novitatem
1092 3823 1249 3910 retinent,

215 4067 238 4113 l.
255 4063 346 4114 Nicolai
360 4065 443 4128 Eprst.
458 4064 497 4114 nd
509 4063 684 4114 Hludowicnm
696 4067 722 4114 et
735 4064 854 4116 Ceuclum
864 4063 968 4128 (Minue,
981 4063 1052 4128 ibid,
1066 4079 1091 4129 p.
1106 4063 1173 4127 924).

213 4147 237 4195 2.
256 4145 314 4203 Qua
329 4159 401 4208 supra
414 4145 518 4207 narrari,
534 4145 559 4192 in
569 4159 591 4194 c.
607 4156 649 4206 111,
662 4159 687 4209 p.
697 4147 739 4194 95.

105 4272 108 4277 .
214 4225 237 4276 3.
257 4225 288 4274 V.
303 4223 396 4274 Nicolai
411 4225 557 4288 Epistulam
573 4225 611 4275 nd
629 4225 808 4276 Hludowicum
821 4224 999 4276 Gernennicam
1011 4224 1113 4290 (Migoe,
1128 4231 1147 4276 t.
1162 4226 1254 4292 CXlX,

186 4319 211 4368 p.
227 4306 303 4364 11783
317 4303 387 4364 rans,
402 4319 426 4354 n.
440 4307 516 4364 28843
533 4311 558 4356 et
569 4320 650 4370 supra,
665 4321 691 4370 p.
703 4309 742 4370 95,
758 4319 783 4354 n.
798 4308 834 4366 t).
