2954 5050
458 467 622 521 PLENlUS
643 467 885 522 usrunutruu
1155 475 1199 526 168

180 607 252 677 Hoc
280 608 647 696 quidem‘Anastasius,
669 605 793 678 Nicolai
823 609 1014 679 auctoritate
1041 611 1200 685 scribens.

137 723 239 793 Nobis
255 744 342 814 vero,
362 725 423 794 etsi
442 746 510 793 non
529 745 689 812 negamus
704 722 812 794 Gallos
831 725 955 814 aliquot
971 735 1114 796 oratores
1129 738 1201 797 tum

136 839 278 908 Romam
295 840 434 926 venisse,
455 860 516 909 nec
538 839 692 928 ponimus
716 839 851 928 quidem
875 840 912 910 in
935 840 1203 932 disceptationem

135 966 252 1024 utrum
265 955 418 1024 Nicolaus
435 955 592 1026 divinitus
614 957 650 1024 in
672 958 733 1025 hac
751 977 787 1026 re
806 957 922 1048 egerit,
943 967 1054 1028 tamen
1073 979 1203 1030 necesse

136 1086 187 1144 est
200 1074 372 1163 addamus,
387 1084 419 1143 et
433 1073 620 1144 Romanum
634 1074 810 1174 quemdam
822 1076 1087 1163 potentissimum
1105 1077 1204 1168 hujus

137 1191 262 1278 negotii
286 1200 451 1260 auctorem
474 1189 574 1259 luisse
589 1187 822 1280 Gallorumque
840 1200 1005 1261 oratorum
1027 1194 1157 1282 ducem,
1173 1204 1205 1264 et

136 1316 255 1394 praeter
269 1307 464 1376 instinctum
480 1306 630 1376 divinum
643 1305 784 1376 adfuisse
802 1307 902 1377 etiam
916 1330 1047 1377 summo
1061 1310 1205 1398 pontifici

137 1422 320 1510 impulsum
339 1422 442 1491 alium
462 1423 553 1492 valde
576 1424 780 1507 humanum,
802 1422 860 1510 qui
881 1423 921 1492 ad
946 1425 1206 1514 investigandam

139 1645 204 1696 Nam
215 1659 280 1708 cnm,
297 1660 380 1696 mense
391 1645 477 1712 Aprili,
490 1645 591 1710 scriptor
605 1643 744 1710 pontificius
759 1643 858 1696 dixisset
873 1643 1000 1696 Nicolaum
1018 1661 1115 1712 papam,
1129 1663 1207 1715 qnan-

139 1739 216 1790 qnam
228 1729 289 1776 Acta
298 1726 393 1776 concilii
406 1726 550 1778 suessionici
567 1725 695 1787 diligenter
706 1731 858 1776 retractasset
868 1741 896 1776 ac
910 1726 1056 1792 revolvisset,
1067 1743 1115 1778 non
1127 1734 1208 1780 tamen

140 1812 291 1871 compertum
301 1806 470 1872 habuisseque
481 1813 549 1872 parte
560 1806 690 1868 sanetius,
702 1806 802 1871 ideoque
815 1805 920 1857 noluisse
934 1808 1108 1873 reprehendere
1122 1825 1208 1874 quem·

139 1901 222 1951 quam,
238 1901 317 1951 neque
325 1887 478 1951 Wuliadum,
490 1900 568 1951 nsque
580 1885 747 1946 Hincmarnm,
760 1885 824 1937 idem
839 1885 890 1948 ille,
901 1901 982 1937 mense
991 1887 1130 1953 Decembri,
1142 1891 1208 1939 altir-

140 1967 218 2016 mavit
231 1967 307 2017 cnivis
323 1968 373 2017 hec
385 1970 445 2018 dcta
458 1967 549 2029 legenti
568 1980 652 2016 eorum
670 1964 789 2014 fallaciam
809 1967 929 2018 incurrere
947 1967 972 2016 in
993 1967 1082 2028 oculos,
1097 1975 1170 2034 atque
1186 1969 1211 2019 in

142 2047 194 2112 ipso
205 2047 333 2097 dationum
343 2047 461 2112 principio
474 2060 601 2112 apparere;
618 2046 687 2109 clq'us
698 2044 861 2109 discrepantiae
873 2061 945 2096 causa
958 2061 1013 2097 mox
1022 2049 1149 2099 manifesta
1159 2050 1209 2110 liet,

142 2141 199 2177 curn
207 2127 337 2178 viderimus
345 2127 402 2192 qnid
414 2128 505 2178 interea
514 2124 637 2177 acciderit.
647 2123 696 2176 Sed
706 2125 758 2188 jam
768 2131 895 2192 utramque
904 2127 1031 2193 epistulam
1042 2129 1210 2180 conseramus:

267 2245 376 2286 urcomr
397 2245 526 2286 narsrous

143 2326 179 2366 sn
198 2326 356 2380 urrunnun,
370 2326 495 2367 rncnrnr.
510 2323 651 2366 rnaorvnrv-

200 2409 261 2462 snu,
279 2409 389 2448 summu
405 2408 449 2447 orn
466 2399 480 2448 3
497 2407 597 2448 nevers

289 2478 511 2529 mmmm

180 2575 352 2629 ahlnltoruma
363 2577 471 2641 partibus
479 2573 611 2637 Galliarum
622 2571 652 2622 ad

144 2658 228 2708 limina
239 2658 365 2708 velsedem
372 2655 545 2707 confluentium
556 2658 652 2719 aposto·

145 2738 218 2788 licam
243 2738 358 2788 relatione
390 2737 527 2798 didicimus,
553 2735 653 2784 fratrem

145 2824 254 2868 nostrum
269 2818 426 2868 Hincmarum
439 2818 601 2868 Rhemensem
614 2829 653 2862 ar-

145 2897 325 2976 chiepiscoppm
347 2897 463 2962 quosdam
485 2895 592 2959 clericus,
612 2891 654 2958 qni

146 2977 176 3027 de
185 2977 360 3028 consecratione
369 2977 462 3027 inerant
475 2976 582 3026 Ehhonis
592 2991 653 3040 pre-

146 3058 277 3109 decessoris
287 3059 332 3122 sui,
344 3059 447 3124 propriis
457 3057 571 3120 gradihus
578 3071 654 3122 pepu-

148 3137 212 3190 lisse.
228 3141 336 3200 Quomm
347 3139 507 3202 dejectionem
520 3138 654 3202 audientes,

148 3220 213 3284 quia,
226 3219 322 3269 etiamsi
338 3218 402 3269 nullo
421 3217 519 3283 speciali
530 3216 656 3283 privilegio

148 3298 178 3349 ad
192 3299 255 3349 hanc
273 3297 403 3348 curandam
418 3296 579 3362 principaliter
594 3296 655 3346 inci·

149 3385 264 3442 taremur,
288 3377 406 3443 oppressis
422 3384 502 3427 umen
519 3377 654 3441 subvenire,

148 3465 173 3510 et
195 3459 227 3510 ad
248 3457 384 3524 exemplum
410 3459 562 3509 Dominicum
587 3458 656 3508 elisos

149 3539 243 3602 erigere
270 3545 295 3590 et
319 3537 467 3603 compeditos
497 3537 590 3588 solvere
613 3549 656 3586 nus

150 3625 259 3685 oportet,
285 3633 362 3684 operas
382 3619 486 3684 pretium
506 3619 616 3670 duximus
632 3617 656 3669 in

149 3697 255 3748 archivis
279 3703 368 3746 sanctae
389 3699 512 3760 Romanu,
542 3696 581 3746 cui
606 3697 657 3747 Deo

149 3785 247 3829 auctore
259 3776 415 3842 deservimus,
431 3776 544 3828 Ecclesia
563 3776 657 3826 studio-

149 3857 199 3909 sius
213 3872 327 3923 querere,
349 3865 375 3908 et
391 3857 412 3906 si
428 3856 517 3922 scripto
530 3855 591 3906 lorte
605 3871 656 3906 me·

149 3937 226 3988 moria
251 3937 365 4003 quelibet
391 3937 455 4002 apud
479 3951 529 4000 nos,
556 3937 605 3986 sive
628 3937 658 3987 de

151 4017 207 4082 illis,
235 4019 286 4067 sive
318 4019 347 4068 de
375 4018 511 4068 ordinatore
543 4018 657 4081 ipsorum,

150 4105 216 4148 esset
246 4099 376 4162 recondita,
405 4098 533 4161 diligenter
559 4098 658 4148 investi-

152 4195 219 4243 gare,
241 4179 304 4244 quod
322 4185 347 4229 et
362 4180 472 4229 lecimus.
488 4178 613 4243 Siquidem
630 4195 659 4228 ex

154 4259 191 4308 his
202 4259 357 4324 quibusdam,
365 4260 417 4309 Deo
427 4259 564 4321 revelante,
575 4273 658 4323 reper-

155 4339 194 4403 tis,
217 4339 370 4390 nihiluminus
388 4339 461 4390 etiam
475 4337 577 4402 concilii,
595 4339 657 4403 quod

830 2245 939 2286 urcomr
959 2247 1088 2287 narsrons

706 2323 742 2364 sn
757 2325 899 2366 urrscoaos
911 2327 1029 2368 concrnrr
1043 2329 1211 2370 sunssronrcr

800 2405 971 2448 scammum
989 2400 1004 2450 6
1021 2410 1119 2450 nsnsrs

826 2488 974 2528 oncsunnrs
990 2490 1017 2530 s.
1035 2481 1090 2530 866.

739 2587 791 2622 s...
804 2572 853 2623 Nos
869 2573 961 2624 etenim
975 2574 1103 2628 clamorem
1117 2592 1210 2629 eorum·

708 2650 763 2702 dem
777 2651 924 2717 dejectorum
944 2669 1057 2719 spemsre
1073 2657 1213 2710 clericorum

708 2733 768 2782 ratio
781 2733 848 2784 nulla
860 2734 923 2799 sivit,
946 2741 971 2785 et
989 2736 1019 2787 ad
1032 2738 1214 2790 vociferationes

708 2827 800 2876 eurum,
819 2813 849 2863 ad
868 2814 951 2864 sedem
971 2816 1124 2880 apostolicam
1140 2819 1214 2869 etiam

708 2892 1214 2962 subdecessorihnsmeisfrequenteremis-

708 2987 756 3037 sas,
773 2989 843 3024 aures
861 2977 972 3026 obturare
991 2983 1091 3042 paterne
1109 2978 1215 3030 charitas

709 3067 754 3102 nun
764 3054 882 3118 permisit.
900 3056 1026 3108 Portemus
1040 3057 1129 3124 quippe
1143 3073 1215 3110 onera

708 3133 815 3183 omnium
840 3133 882 3200 qui
908 3143 1051 3200 gravantur,
1081 3138 1214 3204 quinimmo

708 3213 760 3263 huc
776 3219 855 3278 portat
870 3216 896 3265 in
914 3216 983 3267 nohis
997 3217 1082 3268 heatus
1095 3220 1215 3284 apostolus

709 3295 805 3357 Petrus,
818 3295 859 3359 qui
874 3309 916 3346 nos
928 3296 951 3346 in
964 3298 1084 3362 omnihus,
1100 3311 1128 3349 ut
1140 3301 1214 3349 conli-

709 3373 797 3434 dimns‚
818 3374 1031 3427 administrationis
1049 3393 1097 3428 suu
1110 3380 1218 3442 protegit

710 3468 737 3503 sc
750 3460 831 3504 tuetur
850 3455 965 3508 heredes.
980 3459 1071 3508 Verum
1085 3473 1141 3508 cum
1155 3473 1216 3509 non·

710 3533 777 3584 nulla
790 3535 878 3601 scripta
894 3536 944 3587 sedi
962 3537 1095 3603 apostolice
1116 3537 1216 3589 diversis

710 3615 858 3680 temporibus
871 3615 958 3678 delata,
981 3617 1020 3668 vel
1039 3619 1114 3670 etiam
1135 3619 1166 3668 ah
1189 3633 1218 3668 ea

712 3694 778 3759 data,
790 3695 821 3745 ob
835 3695 906 3760 hlq'us
919 3697 1084 3763 reperiendam
1096 3698 1131 3749 rei
1144 3697 1217 3749 certi·

711 3775 819 3826 tudinem
847 3776 976 3839 diligenter
1003 3778 1218 3842 investigaremus,

711 3855 798 3906 accidit
809 3858 926 3922 utetiam,
943 3858 995 3908 Dec
1009 3856 1144 3921 revelante,
1158 3861 1219 3910 Acta

712 3937 811 4000 concilii,
826 3937 891 4002 quod
905 3942 1000 3988 auctore
1019 3937 1092 3988 fratre
1106 3944 1131 3988 et
1142 3939 1221 4004 coepi-

712 4032 783 4083 scopo
797 4024 878 4067 nostro
892 4017 1021 4067 llincmaro
1030 4018 1140 4082 prelatos
1156 4019 1219 4070 viros

713 4111 851 4159 segregasse
864 4095 1021 4159 dignoscitur,
1036 4098 1163 4150 abeodem
1177 4116 1219 4151 ve·

714 4175 814 4227 nerahili
832 4175 938 4225 antistite
951 4176 1020 4227 nobis
1034 4178 1126 4230 dudum
1140 4188 1219 4232 trans·

714 4257 786 4307 misse
807 4271 863 4305 cum
881 4255 1022 4307 Actionihns
1046 4275 1088 4324 pro
1111 4261 1220 4312 Rothado

714 4335 1219 4406 venerahiliepiscopo,venirentadmanus.

1068 4433 1095 4478 tt
