2944 5060
493 479 684 531 APPENDIX
710 480 824 532 sulca
1143 483 1188 532 380

122 623 168 704 (at
183 623 238 684 hic
252 625 336 686 corte
350 623 420 700 fuit)
442 624 538 685 verba
552 624 734 686 continuata
752 642 790 686 ac
808 641 921 704 parum
943 625 1024 686 intcr
1041 643 1075 686 sa
1095 625 1187 687 dissi·

123 731 215 792 milia
229 729 411 792 facillimum
425 730 591 794 invertere.
608 729 728 794 Deinde
744 749 782 792 ex
796 731 856 793 boc
871 731 1012 812 sequitur
1024 735 1058 794 ut
1072 731 1189 794 Adonis

122 839 312 902 Viennensis
330 839 479 903 Arsanius
498 841 671 904 avunculus
690 839 753 903 dici
774 841 898 918 debeat,
921 841 953 904 id
971 843 1029 920 est,
1045 847 1081 904 nt
1096 840 1190 924 hujus

122 965 218 1010 soror
227 949 328 1010 mater
336 947 417 1008 illius
426 947 535 1019 fuorit;
548 948 633 1028 quod
643 947 679 1008 iis
690 964 760 1028 quae
773 946 812 1009 de
820 947 940 1010 Adonis
950 947 1069 1010 familia
1080 952 1110 1010 et
1120 951 1190 1011 ortu

123 1055 272 1118 teruntur
285 1055 401 1133 adbuc,
417 1073 480 1140 non
495 1055 596 1128 solum
611 1073 673 1117 uon
686 1055 880 1131 adversatur,
898 1054 953 1116 sad
971 1056 1073 1136 magis
1088 1057 1191 1118 lucem

124 1163 286 1225 admovet.
318 1164 382 1224 Nec
408 1162 493 1225 enim
518 1163 725 1226 adversatur:
741 1181 828 1240 nam,
853 1180 1034 1244 quanquam
1061 1162 1128 1228 Ado
1154 1183 1192 1226 ex

123 1271 240 1334 illustri
263 1272 424 1353 prosapia,
447 1270 479 1334 in
498 1272 625 1352 regiona
648 1272 780 1336 fortasse
799 1273 988 1345 senonensi,
1011 1273 1104 1336 natus
1124 1290 1192 1334 assa
1274 1309 1277 1316 ·

125 1377 276 1453 dicitur¹,
305 1397 342 1441 ao
370 1381 476 1442 tamen
501 1380 642 1460 tempora
670 1380 762 1442 natus
788 1375 865 1458 est',
897 1397 970 1442 oum
997 1381 1191 1443 Francorum

127 1485 307 1566 complures
332 1485 467 1564 nobiles,
489 1485 542 1566 qui
564 1485 683 1548 circum
705 1487 795 1548 erant
819 1485 987 1565 Pippinum
1010 1505 1129 1566 rogem,
1155 1505 1193 1552 cx

127 1592 231 1657 Gallia
245 1591 277 1652 in
292 1591 412 1655 ltaliam
428 1591 606 1669 transirent,
618 1591 724 1672 ibique
738 1590 970 1665 morarentur³;
986 1610 1024 1654 ex
1039 1610 1101 1673 quo
1118 1593 1193 1674 quid

126 1700 247 1762 mirum
259 1698 285 1760 si
299 1698 418 1762 Adonis
433 1702 532 1778 pater,
547 1717 627 1760 unus
642 1701 726 1762 carta
741 1717 780 1760 ex
795 1697 1011 1778 optimatibus,
1027 1699 1193 1780 Pippinum

127 1824 239 1886 rogem
263 1805 431 1886 aliquando
456 1806 622 1868 comitatus
644 1805 699 1882 sit,
725 1808 820 1886 atqua
845 1824 975 1868 uxorem
999 1806 1111 1868 Italam
1134 1807 1193 1869 sibi

127 1911 330 1975 matrimonio
346 1910 507 1993 junxerit?
522 1912 661 1989 atvero,
683 1911 709 1972 ri
726 1911 870 1974 Adonem
885 1911 1006 1974 Arsenii
1020 1911 1194 1974 Anastasii·

131 2036 212 2099 que,
243 2017 443 2081 nobilissima
474 2018 569 2080 etiam
599 2017 739 2095 familia,
767 2019 978 2098 propinquum
1002 2037 1070 2080 esse
1095 2037 1194 2097 agno·

130 2122 281 2198 vorimus,
304 2123 403 2186 multa
427 2142 498 2205 quae
521 2124 645 2187 adhoc
669 2131 791 2204 tempus
813 2125 1037 2187 obscuritatem
1058 2124 1195 2206 aliquam

131 2230 302 2304 habebant,
317 2231 385 2313 jam
398 2231 532 2294 clariora
545 2231 632 2295 fient.
649 2233 694 2294 lta
711 2249 794 2293 nunc
812 2231 923 2293 melius
938 2231 1122 2310 intelligitur
1140 2249 1197 2294 cur

131 2339 214 2416 Ado,
229 2357 268 2399 ex
282 2337 470 2400 monastario
491 2338 654 2400 Prumensi
673 2337 838 2418 profugus
859 2339 893 2400 in
911 2339 1034 2401 ltaliam
1049 2340 1196 2401 Romam-

133 2463 195 2526 que
214 2443 246 2506 in
265 2444 367 2524 ipsam
382 2444 495 2507 urbam
513 2445 598 2525 apud
612 2445 804 2526 propinquos
825 2424 1012 2526 confugerit,
1035 2448 1130 2527 atqua
1153 2445 1198 2506 ibi

134 2549 328 2613 domicilium
355 2551 460 2631 plures
488 2569 587 2613 annos
614 2551 775 2626 habuerit;
811 2569 879 2629 cur,
904 2550 1067 2612 Anastasio
1099 2551 1199 2612 Roma

133 2657 289 2737 fugiente,
315 2656 384 2721 Ado
407 2658 475 2738 pari
501 2659 603 2720 tractu
631 2658 759 2736 abierit,
785 2661 1006 2738 Ravannaeque
1033 2657 1198 2721 considens

134 2784 209 2828 cum
223 2765 349 2828 dioecesi
364 2764 566 2847 Aquilejansi,
582 2765 614 2826 in
630 2783 692 2846 qua
702 2766 883 2827 Anastasius
897 2765 1103 2827 consobrinus
1117 2764 1196 2826 late·

133 2873 205 2950 bat,
234 2871 476 2934 consuetudines
504 2891 657 2953 usumque
690 2871 852 2946 habuerit;
881 2889 939 2934 cur
966 2871 1096 2945 deinde,
1125 2888 1198 2932 cum

133 2979 319 3044 Anastasius
340 2981 435 3058 atque
449 2978 598 3040 Arsanias
614 2978 699 3060 apud
721 2979 883 3048 Nicolaum
898 2979 912 3040 l
927 2995 1043 3057 magna
1060 2978 1198 3038 auctori·

134 3090 201 3152 tate
218 3087 401 3163 floruerunt,
420 3085 487 3166 ipse
496 3085 577 3164 Ado,
597 3089 665 3149 tum
679 3086 778 3148 factus
789 3084 973 3149 Viennensis
987 3084 1200 3165 archicpisco-

136 3214 206 3276 pus,
228 3178 371 3274 ejusdcm
385 3193 541 3273 pontificis
555 3194 690 3272 gratiam
708 3194 749 3256 sit
768 3196 970 3268 consecutum
991 3208 1058 3268 cur,
1075 3194 1198 3253 mortuo

136 3302 276 3377 Nicolao,
303 3300 345 3362 ad
368 3300 453 3362 hunc
473 3300 705 3362 defendendum
727 3300 908 3380 pontificem
931 3300 1082 3361 advorsus
1105 3299 1199 3358 etiam

137 3408 331 3492 Hadrianum
363 3407 391 3469 ll
432 3408 610 3486 pactionem
644 3408 813 3488 quamdam
851 3407 1095 3487 societatemque
1127 3423 1200 3468 cum

138 3514 303 3578 Anastasio
317 3515 509 3591 conflaverit,
526 3533 582 3576 cur
593 3500 727 3594 danique
742 3515 770 3577 ci
782 3514 877 3577 fuerit
891 3533 1005 3576 nomen
1025 3513 1101 3574 illud
1117 3511 1197 3588 Ado,

139 3622 225 3704 quod
250 3622 282 3682 in
306 3622 367 3684 hac
389 3623 543 3685 Anastasii
565 3623 683 3684 familia
710 3621 779 3684 aliis
806 3622 902 3684 etiam
927 3621 1106 3701 impositum
1132 3638 1199 3680 esse

138 3731 318 3811 accepimus
324 3730 348 3794 ⁴.
361 3731 478 3805 Quibus
492 3731 609 3793 addere
623 3729 752 3812 possim,
768 3747 831 3792 non
843 3746 919 3790 sane
933 3728 974 3790 ad
988 3727 1197 3808 probandum,

172 3895 197 3942 1.
213 3891 244 3943 V.
257 3905 338 3955 supra,
351 3905 376 3955 p.
390 3892 444 3954 302,
459 3905 484 3940 n.
497 3891 520 3941 6.

169 3974 195 4023 2.
212 3971 323 4023 Vidimus
336 3986 407 4036 supra
420 3970 528 4021 Adonem
541 3974 625 4020 natum
639 3983 690 4020 essa
703 3968 799 4019 circiter
811 3983 835 4018 a.
849 3969 904 4018 800.
916 3967 948 4016 V.
964 3980 990 4032 p.
1005 3967 1060 4016 300.

172 4054 196 4103 3.
210 4051 243 4101 V.
254 4051 366 4101 Annales
377 4050 600 4102 laureshamenses
613 4050 702 4114 (Perta,
712 4050 733 4112 1,
744 4049 795 4112 35);
808 4046 921 4098 Annales
932 4044 1201 4111 Guelfertptcnorum‚

142 4149 165 4186 a.
179 4133 226 4182 Ι102
236 4130 316 4196 (ibid,
327 4145 353 4196 p.
364 4131 415 4195 l5);
431 4130 543 4181 Anactes
556 4131 737 4193 bocrtsseoses,
750 4143 773 4179 a.
787 4130 842 4191 ¹197,
857 4128 902 4177 800
926 4125 1009 4192 (ibid,
1024 4139 1049 4190 p.
1066 4129 1121 4189 182,
1136 4128 1200 4190 188);

139 4211 256 4265 Annales
268 4209 406 4274 Eiobardt,
418 4225 442 4262 a.
456 4213 512 4274 780,
525 4211 581 4274 800,
597 4213 654 4274 800,
666 4211 722 4273 808,
741 4209 786 4260 810
802 4206 882 4272 (ibid,
896 4221 922 4271 p.
939 4207 994 4268 188,
1009 4206 1064 4270 180,
1079 4209 1133 4270 101,
1146 4211 1202 4270 lac,

173 4376 198 4424 1.
215 4373 247 4423 V.
263 4385 345 4437 supra,
361 4385 386 4436 p.
401 4373 441 4434 88,
456 4372 512 4422 til.
