2944 5060
248 439 294 501 aas,
613 426 808 481 arrasum
834 426 949 478 aaron

248 577 441 643 sacerdotum,
458 572 620 648 quinimmo
634 572 835 627 universorum
847 568 893 642 qui
910 585 941 624 se
951 567 986 622 de
1002 565 1099 622 ovibus
1112 560 1316 636 principaliter

250 666 384 722 divinitus
397 666 481 720 Petro
495 660 706 717 commendatis
720 676 851 722 essenon
866 657 1013 714 nesciunt:
1028 653 1059 709 id
1073 655 1117 709 est
1136 669 1197 707 nou
1218 651 1317 706 solum

249 758 419 814 cunctorum
434 751 484 824 qui
494 751 530 804 de
540 750 657 806 illorum
668 765 791 804 numero
803 751 869 802 sunt
879 747 915 802 do
931 744 1033 818 quibus
1042 741 1179 798 Dominus
1191 738 1318 812 principi

250 843 448 916 apostolorum
473 838 546 894 dixit
566 857 573 894 z
595 842 637 894 Ta
659 838 807 910 aliquando
821 851 962 892 conamus
975 835 1104 904 confirmo
1118 832 1221 899 (ratres
1240 833 1314 894 taos,

250 932 301 987 sed
315 930 404 986 etiam
416 928 466 1002 qui
481 927 517 983 de
529 927 575 983 his
589 927 714 999 piscibus
728 929 803 996 sunt,
816 925 866 998 qul
878 923 1036 990 intrarete,
1051 919 1130 993 quod
1142 919 1178 973 ab
1197 917 1261 990 ipso
1275 915 1317 970 ad

139 1019 142 1026 ‘
249 1023 315 1080 litus
329 1021 406 1077 trabi
423 1021 585 1093 specialiter
595 1022 707 1093 jussum
725 1035 787 1074 esse
809 1034 838 1073 se
855 1015 1074 1088 recognoscunt.
1091 1011 1192 1068 Adhuc
1213 1014 1317 1065 tamen

250 1109 413 1186 percontari
427 1114 546 1183 propter
556 1109 749 1164 contentiosos
764 1107 834 1162 libet
848 1121 981 1183 quam
995 1102 1115 1175 judicia,
1131 1101 1177 1155 vel
1192 1115 1319 1172 quorum

250 1218 310 1257 esse
322 1199 436 1271 majora
448 1199 567 1270 negotia
578 1196 749 1270 praedicatis,
761 1196 784 1250 si
796 1195 958 1268 episcorum
970 1208 1070 1248 causas
1080 1207 1137 1246 nou
1148 1189 1226 1243 inter
1239 1203 1320 1259 prae-

250 1289 335 1361 cipua
349 1287 521 1359 computatis
534 1285 677 1356 negotia?
690 1288 734 1340 An
752 1284 894 1340 laicorum
912 1286 941 1338 et
957 1278 1122 1353 vulgarium
1140 1277 1319 1350 populorum

244 1376 359 1448 judicia
369 1376 446 1430 inter
459 1374 575 1446 majora
588 1373 706 1446 negotia
718 1373 834 1445 ponitis,
846 1389 919 1444 quos
931 1386 1012 1444 paeue
1027 1365 1156 1442 quotidie
1172 1382 1240 1421 cum
1253 1381 1319 1418 ues-

250 1465 303 1521 tris
317 1467 347 1519 et
364 1463 425 1518 sine
438 1462 539 1518 vestris
557 1463 684 1535 epistolis
695 1462 733 1518 ad
744 1461 937 1518 discutiendos
961 1462 990 1515 et
1009 1454 1181 1531 judicandos
1195 1452 1318 1525 suscipi-

251 1570 326 1622 mus,
337 1556 366 1608 et
376 1551 525 1621 discussos,
536 1553 581 1606 vel
590 1551 744 1623 judicatos,
755 1551 800 1606 vel
811 1551 956 1606 absolutos
965 1545 1151 1603 dimittimus¹
1161 1544 1176 1599 ‘l
1186 1542 1318 1614 Denique

251 1645 302 1697 aut
311 1640 490 1696 saecularium
497 1639 608 1712 judicia
624 1640 700 1696 inter
713 1640 837 1711 majora,
850 1641 879 1694 et
893 1637 1095 1710 episcoporum
1112 1633 1190 1688 inter
1203 1631 1321 1686 minora

251 1729 371 1802 negotia
380 1729 566 1797 collocabitis,
579 1733 607 1784 et
624 1729 706 1784 vobis
726 1729 939 1802 episcoporum,
954 1724 1037 1781 nobis
1055 1723 1196 1779 laicorum
1208 1717 1321 1792 judicia

251 1817 434 1875 reservabitis
447 1835 454 1874 :
470 1821 520 1873 aut
531 1821 621 1887 certe,
643 1818 666 1873 si
681 1818 883 1890 episcoporum
897 1813 1008 1889 judicia
1021 1816 1088 1869 suut
1101 1813 1215 1884 majora
1227 1825 1320 1880 nego·

251 1907 395 1979 tia,juxta
409 1907 535 1963 Leonem
544 1906 669 1962 liberum
687 1906 767 1962 vobis
787 1923 848 1962 esse
866 1904 967 1961 debuit
981 1904 1044 1958 haec
1059 1901 1113 1958 sub
1131 1903 1238 1956 nostrae
1253 1915 1322 1953 scu-

251 1997 349 2051 teutiae
362 1996 576 2068 exspectatione
590 1995 778 2068 suspendere,
794 1998 844 2050 aut
857 1994 881 2050 si
896 2009 1019 2067 persona
1028 1989 1180 2064 judicandi
1192 1989 1252 2044 tale
1265 1987 1322 2044 ali·

253 2084 323 2158 quid
337 2086 509 2153 mereretur,
523 2083 749 2157 exspectandum
760 2083 841 2138 vobis
851 2083 946 2137 iuerat
956 2081 1025 2155 quid
1038 2079 1075 2136 ad
1085 2082 1180 2135 vestra
1190 2077 1325 2134 consulta

252 2174 453 2230 rescriberem.
469 2173 633 2229 absurdum
643 2175 686 2228 est
700 2172 781 2228 euim
791 2175 823 2227 ut
837 2171 925 2226 laicos
937 2186 1066 2243 quosque
1077 2172 1106 2224 et
1115 2167 1258 2223 minimos
1270 2164 1324 2237 qui

252 2261 369 2318 suntin
393 2261 521 2318 ecclesiis
540 2262 656 2328 vestris,
686 2265 785 2316 nostro
812 2260 934 2315 mittatis
956 2257 1129 2332 judicandos
1153 2259 1184 2312 et
1207 2253 1324 2312 addatis

254 2349 422 2423 quotidiano
432 2350 534 2419 labori,
551 2354 580 2406 et
598 2350 809 2423 episcoporum,
824 2349 874 2421 qui
886 2345 1030 2422 praecipua
1043 2345 1174 2402 Ecclesia
1187 2345 1324 2402 membra

254 2442 331 2508 suut,
343 2442 444 2494 vestre
453 2439 581 2494 subdatis
600 2438 815 2495 deliberationis
828 2436 946 2493 arbitrio
957 2436 979 2492 ².

289 2527 338 2582 His
349 2544 416 2582 vero
432 2526 552 2582 tandem
567 2527 689 2596 omissis,
704 2529 762 2583 lleo
778 2527 860 2594 duce,
877 2526 977 2581 scitote
990 2542 1053 2594 nos,
1064 2523 1143 2597 quod
1155 2523 1322 2580 temeritate

254 2614 395 2686 magistra
406 2631 560 2686 perperam
572 2633 590 2670 a
603 2615 682 2670 vobis
694 2615 882 2670 commissum
897 2617 949 2682 est,
963 2616 992 2670 et
1002 2612 1079 2686 quod
1090 2611 1260 2668 inconsultis
1270 2626 1325 2665 uo-

253 2701 340 2758 bisin
353 2702 485 2758 Rothado
499 2703 589 2758 fratre
605 2706 634 2758 et
648 2702 817 2774 coepiscopo
829 2706 927 2758 nostro
937 2717 1120 2774 praepropere
1130 2696 1323 2772 perpetrastis

254 2789 379 2863 (etiamsi
394 2807 545 2864 nunquam
571 2791 670 2847 sedem
689 2791 877 2864 apostolicam
898 2791 1093 2862 appellasset),
1115 2788 1167 2845 Dei
1194 2785 1322 2843 auctori·

254 2883 324 2948 tate,
340 2881 369 2934 et
384 2879 619 2956 beatissimorum
632 2878 707 2935 Petri
723 2897 756 2935 ac
775 2879 857 2935 Pauli
865 2878 1030 2955 principum
1043 2879 1252 2950 apostolorum,
1265 2891 1323 2930 seu

256 2967 387 3025 omnium
402 2969 584 3025 decessorum
595 2985 737 3038 meorum,
754 2985 808 3024 nec
824 2985 884 3024 uon
898 2971 928 3024 et
945 2970 1111 3024 sauctorum
1122 2970 1324 3022 trecentorum

256 3057 408 3113 decernet
433 3060 499 3114 octo
521 3059 641 3114 Petrum
667 3058 717 3130 qui
741 3057 819 3130 apud
836 3057 960 3113 Nicaeam
984 3057 1036 3113 sub
1061 3055 1249 3113 Constantino
1271 3055 1323 3126 pio

255 3146 384 3219 principe
404 3146 635 3214 convenerunti,
660 3146 775 3218 penitus
798 3149 969 3202 evacuantes
988 3145 1060 3200 etin
1081 3144 1197 3201 irritum
1213 3144 1324 3199 ducen-

255 3238 314 3304 tae,
340 3235 494 3307 praefatum
519 3235 684 3291 Rothadum
713 3234 832 3307 pristino
865 3235 983 3306 gradm,
1013 3233 1141 3306 pristinae
1171 3232 1324 3305 dignitati,

255 3321 378 3393 pristino
399 3323 557 3380 reddidisse
580 3340 695 3395 prorsus
712 3323 836 3392 honori3
859 3323 901 3379 ita
919 3326 951 3379 ut
974 3322 1072 3378 diviua
1091 3321 1233 3395 mysteria
1254 3337 1326 3378 con·

256 3410 371 3467 ficiendi
389 3412 516 3485 priorem
533 3413 700 3469 facultatem
717 3412 846 3485 adeptus,
863 3412 999 3484 omnique
1012 3411 1187 3467 sacerdotali
1206 3409 1327 3466 restitu-

255 3503 301 3554 tus
316 3500 422 3568 officio,
440 3501 502 3556 siue
521 3501 674 3574 cujuslibet
696 3501 936 3569 contradictione,
947 3500 1072 3573 propriae
1090 3502 1216 3572 receptae
1233 3499 1327 3556 libere

257 3589 357 3661 praesit
375 3590 516 3659 Ecclesiae,
539 3607 556 3646 a
577 3607 634 3662 qua
656 3589 824 3658 inconsultis
847 3590 930 3645 nobis
951 3591 1083 3662 expulsus
1104 3593 1161 3646 est.
1192 3588 1327 3661 Denique

258 3693 325 3732 cum
339 3680 405 3733 ante
418 3678 568 3735 biennium
582 3678 694 3751 scriptis
708 3682 737 3734 et
750 3679 844 3735 verbis
857 3679 999 3739 instanter
1020 3678 1180 3751 egissemus
1194 3681 1228 3734 ut
1244 3677 1327 3734 idem

290 3822 313 3869 l.
329 3819 397 3878 Quod
416 3826 498 3870 umen
518 3835 563 3870 uon
585 3820 695 3872 omuibus
712 3819 830 3885 episcopis
847 3819 945 3886 placuit.
962 3820 994 3870 V.
1011 3819 1131 3872 Liutberti
1151 3821 1262 3883 nogant
1282 3835 1327 3870 ur·

258 3898 337 3963 chiep.
358 3901 440 3964 Epist.
460 3901 496 3951 ad
514 3901 674 3952 Hadrianum
693 3901 721 3949 ΙΙ
738 3900 817 3964 (lade,
838 3899 992 3951 Bibliotheca
1011 3914 1062 3950 rer.
1082 3901 1214 3968 semaa,
1235 3907 1255 3952 t.
1277 3901 1324 3964 ΙΙΙ,

258 3979 374 4109 ρ.29ἶ3ΙΙΙο
388 4074 475 4110 novum
490 4059 625 4125 exemplum
639 4059 749 4110 uidemus
762 4060 925 4111 anastasiana
939 4060 1003 4111 illius
1020 4061 1088 4127 artis,
1109 4076 1159 4127 qua
1175 4059 1326 4112 adversario-

259 4150 314 4186 rum
323 4138 387 4189 dicta
398 4144 440 4190 aut
454 4141 519 4190 lacta
532 4140 557 4190 in
574 4139 636 4205 ipsos
650 4145 788 4190 conuertere
802 4138 903 4191 solebat.

290 4218 423 4346 animi
434 4235 538 4272 maanes
550 4235 565 4270 a
577 4218 778 4271 Pseudo-Isidoro
789 4220 884 4271 conficti
895 4221 941 4272 hoe
951 4220 1002 4272 loeo
1012 4221 1187 4285 significantur.
1200 4223 1232 4275 V.
1240 4237 1325 4290 supra,

260 4309 286 4359 p.
348 4331 356 4346 .
