2960 5052
291 403 320 450 la
715 398 934 450 rnooelllun

290 544 380 612 sium
397 540 710 628 bibliothecarium,
724 548 759 610 et
767 542 958 610 Arsenium
973 542 1240 631 apocrisiarium
1253 545 1356 614 Sedis

289 663 526 755 apostolicae¹.

334 790 434 869 Quod
449 789 480 858 si
494 789 543 858 ita
567 795 640 874 est,
658 795 697 858 ut
718 790 1009 878 archiepiscopus
1034 792 1224 861 Remensis
1246 795 1357 864 talem

289 889 1355 988 consuetudinemhabueritcumArsenioetAnastasiobiblio-

287 1035 457 1118 thecario,
475 1034 589 1122 magis
609 1053 652 1103 ac
669 1034 784 1120 magis
804 1035 843 1102 llt
862 1034 948 1103 illud
970 1054 1104 1116 verum,
1124 1036 1353 1107 Hincmarum

286 1177 357 1227 non
384 1177 545 1243 errasse,
576 1177 655 1226 cum
682 1158 776 1226 hunc
801 1158 968 1226 Hadriani
991 1162 1021 1226 ll
1045 1159 1351 1229 bibliothecarium

287 1282 506 1351 asseveravit
519 1281 631 1350 fuisse
644 1281 727 1350 olim
741 1281 955 1351 cardinalem
971 1284 1004 1352 S.
1021 1284 1179 1352 Marcelli
1199 1287 1351 1372 presby-

286 1415 412 1489 terum,
431 1426 472 1475 ac
486 1424 613 1494 poenas
628 1405 840 1491 ambitionis,
858 1407 986 1476 Leonis
1001 1411 1048 1477 IV
1063 1414 1098 1476 et
1110 1409 1292 1478 Benedicti
1303 1413 1351 1478 lII

286 1530 515 1619 temporibus
533 1529 687 1598 dedisse.
704 1532 805 1614 Nam,
824 1535 901 1599 esto
920 1554 927 1593 :
945 1532 1002 1599 fac
1022 1531 1112 1601 duos
1127 1532 1240 1602 luisse
1261 1537 1352 1604 Ana-

286 1655 428 1739 stasius,
447 1674 536 1742 quos
552 1654 699 1722 eosdem
713 1673 796 1722 esse
813 1654 1024 1723 Hincmarus
1047 1655 1208 1744 imperite
1228 1660 1349 1727 volue-

284 1779 348 1865 rit;
369 1784 487 1848 tamen
508 1798 660 1847 necesse
680 1785 736 1846 est
754 1778 898 1846 fatearis
914 1783 1101 1867 utrumque
1120 1782 1349 1850 Anastasium

283 1923 514 1990 magnacum
541 1903 692 1972 Arsenio
721 1902 889 1990 episcopo
917 1903 1165 1991 familiaritate,
1194 1926 1239 1975 ne
1265 1906 1349 1994 quid

283 2014 398 2116 magis
412 2028 649 2118 inpraesentia
659 2027 786 2112 dicam,
803 2027 915 2096 luisse
929 2028 1170 2115 conjunctum.
1184 2031 1224 2099 Id
1239 2032 1345 2119 enim,

282 2175 328 2222 ex
343 2173 451 2240 supra
469 2152 584 2237 dictis,
603 2153 646 2219 de
669 2150 934 2220 bibliothecario
946 2151 1023 2240 jam
1037 2153 1264 2223 manifestum
1277 2165 1344 2226 est.

284 2278 384 2354 Quod
412 2281 530 2343 autem
553 2275 598 2343 ad
624 2276 871 2363 presbyterum
898 2282 1046 2364 spectat,
1074 2277 1222 2348 missum
1251 2299 1347 2349 nunc

280 2399 386 2480 facio,
416 2398 451 2465 in
478 2398 530 2466 eis
555 2418 636 2486 quae
663 2417 695 2465 a.
726 2401 791 2466 868
813 2399 949 2468 nefarie
972 2406 1051 2470 acta
1074 2408 1166 2487 sunt,
1192 2423 1346 2492 quaeque

279 2524 408 2592 iterum
420 2523 598 2591 Anastasii
616 2522 816 2610 presbyteri
829 2525 960 2593 famam
974 2531 1009 2593 et
1031 2527 1188 2595 honores
1212 2527 1248 2596 in
1273 2529 1348 2598 dis·

278 2649 414 2718 crimen
429 2648 660 2732 adduxerunt,
678 2647 866 2716 Arsenium
879 2648 1085 2737 episcopum
1099 2670 1137 2720 se
1153 2651 1246 2721 illius
1259 2672 1348 2722 con·
1451 2697 1452 2736 ,

279 2775 348 2843 silii
366 2776 491 2844 ducem
507 2769 738 2863 praebuisse².
759 2776 846 2841 Haec
862 2773 955 2841 enim
970 2793 1015 2842 ex
1026 2776 1220 2845 Annalibus
1235 2777 1347 2846 Hinc·
1451 2797 1452 2804 ¹

210 2906 213 2912 ’
280 2899 449 2967 marianis
465 2905 646 2980 eruuntur,
665 2916 755 2984 quos
778 2901 943 2966 auctores
964 2898 995 2966 si
1013 2919 1107 2968 nunc
1125 2900 1346 2988 produxero,

278 3041 407 3090 vereor
421 3042 466 3090 ne
480 3023 524 3090 lis
539 3023 598 3090 lite
615 3020 740 3105 dirimi,
755 3020 791 3087 id
808 3027 874 3105 est,
891 3021 1103 3091 Hincmarus
1130 3024 1273 3094 delendi
1298 3029 1345 3096 ab

279 3144 467 3213 Hincmaro
482 3145 628 3214 dicatur.
645 3145 724 3229 Sed,
744 3143 985 3231 superioribus
999 3147 1231 3235 temporibuS,
1261 3168 1344 3218 cum

279 3268 489 3336 Anastasius
501 3270 688 3356 presbyter
703 3287 878 3336 summum
892 3269 1134 3355 pontificatum
1148 3272 1341 3357 affectavit,

279 3391 311 3460 ei
321 3391 396 3479 jam
412 3396 484 3460 tum
500 3393 621 3461 aderat
636 3391 776 3480 adjutor
789 3392 974 3478 Arsenius,
993 3394 1178 3464 Hortensia
1199 3396 1343 3484 episco-

309 3621 331 3667 l.
352 3617 381 3666 V.
398 3614 512 3666 Hadriani
524 3616 546 3666 ll
560 3613 687 3678 epistolam
699 3630 772 3680 supra
782 3615 887 3679 allatam,
903 3631 927 3680 p.
939 3619 977 3667 13.

307 3700 331 3749 2.
348 3696 430 3747 Totius
439 3696 471 3746 rei
487 3695 553 3756 origo
564 3693 609 3743 luit
623 3694 700 3743 scelus
709 3694 827 3758 quoddam
838 3697 868 3745 ab
882 3695 1020 3746 Eleutherio
1028 3702 1159 3760 patratum,
1171 3697 1201 3747 de
1211 3713 1258 3763 quo
1269 3698 1346 3750 ilinc·

277 3790 357 3827 marus
369 3777 490 3827 itanarrat
500 3789 507 3821 t
517 3791 530 3822 α
540 3774 631 3833 Quarta
639 3778 719 3821 autem
733 3772 792 3822 laria
803 3779 856 3838 post
867 3774 964 3824 initium
974 3774 1164 3839 quadragesimo
1176 3775 1224 3841 (dic
1235 3779 1263 3828 to
1275 3792 1345 3828 men-

277 3854 309 3901 sis
323 3857 402 3906 martii
418 3871 441 3906 a.
454 3855 509 3918 868)
523 3853 624 3903 faotione
642 3851 737 3901 arsenii
752 3851 815 3901 lilius
831 3855 884 3916 ejus
896 3852 1047 3904 Eleutheriou
1061 3854 1135 3904 liliam
1154 3855 1253 3904 turiani
1272 3871 1344 3922 papus

276 3932 307 3981 ab
316 3934 362 3984 alio
374 3936 539 4001 desponsatam
551 3932 605 3983 dolo
617 3929 712 3995 decepit
725 3936 750 3980 et
763 3932 858 3995 rapuit;
873 3931 935 3983 unde
957 3933 1021 3984 idem
1032 3948 1094 3998 papa
1111 3935 1215 3985 nimium
1229 3941 1265 3986 est
1280 3951 1342 3986 con-

276 4011 391 4063 tristatus.
401 4033 414 4063 u
426 4016 547 4066 llinernari
557 4011 675 4072 Annales,
686 4025 708 4059 a.
720 4011 763 4060 868
779 4010 865 4075 (Perta,
877 4013 933 4072 SS„
944 4019 962 4062 t.
975 4015 994 4075 l,
1007 4029 1031 4078 p.
1044 4015 1108 4077 lll).
1122 4014 1147 4063 ld
1158 4013 1232 4075 igitur
1240 4016 1341 4082 accidit,
1450 4003 1451 4008 ¹

276 4089 457 4143 duobusdiebns
470 4104 594 4161 postquam
606 4092 738 4144 Hadrianus
747 4104 817 4154 papa,
831 4091 854 4138 in
865 4107 907 4140 sua
917 4094 945 4142 ad
958 4094 1111 4142 lliuourarum
1123 4094 1224 4158 epistola
1233 4097 1341 4148 letardo

275 4170 413 4230 commissa,
426 4173 488 4224 hunc
500 4176 625 4226 arsenium
639 4169 750 4222 laudibus
762 4177 895 4220 ornaverat.
909 4172 952 4234 (V.
963 4173 1076 4222 lladriaui
1091 4174 1111 4222 ll
1127 4171 1252 4237 epistolam
1264 4188 1341 4238 supra

275 4252 441 4314 citatumque
451 4254 546 4314 quidem
559 4254 613 4303 data
623 4259 658 4301 est
674 4251 750 4300 «vlll
765 4248 820 4299 ldus
830 4251 908 4300 Martii
919 4267 932 4298 u
944 4266 966 4302 a.
975 4254 1029 4314 868,
1043 4253 1060 4302 i.
1075 4268 1097 4302 e.
1111 4252 1149 4301 die
1165 4255 1221 4302 Bru.
1233 4255 1337 4320 martii.)
