2960 5052
259 447 290 496 62
403 439 661 493 ANASTASlel
684 439 832 489 INGENll
854 437 969 488 Pulcra
992 437 1183 487 Facluonn

262 589 455 656 Hortensem
471 583 677 652 Anastasiani
693 583 821 651 sceleris
836 580 1026 670 participem
1045 581 1145 650 luisse
1163 590 1324 665 negatum

259 705 313 790 sit,
338 722 414 769 cum
436 709 588 787 praeterea
606 697 740 766 maximi
755 697 797 765 sit
810 698 981 782 momenti,
1004 698 1096 764 adea
1112 716 1184 783 quae
1207 696 1242 763 in
1262 698 1325 764 boc

258 837 354 906 opere
368 814 505 884 ulterius
517 813 702 901 disputabo,
718 813 886 901 perspicue
901 813 1051 898 detegere
1070 812 1214 899 quinam
1222 811 1325 899 hujus

258 930 493 1020 conjurationis
520 939 660 998 rectores
688 928 825 1015 luerint,
851 947 940 996 nunc
961 927 1055 996 liceat
1077 926 1158 994 mibi
1177 946 1324 994 errorem

260 1045 437 1135 quemdam
460 1044 633 1131 dissipare,
663 1043 718 1130 qui
743 1043 978 1130 impedimento
1003 1040 1064 1109 luit
1087 1040 1264 1129 quominus
1286 1062 1324 1110 ea

259 1163 295 1230 in
321 1182 357 1230 re
376 1160 508 1228 Arsenii
523 1158 692 1228 Hortensis
705 1159 982 1226 internosceretur
998 1177 1129 1225 manus.

305 1274 464 1344 Omnium
485 1274 574 1342 enim
598 1293 762 1341 consensu
778 1273 1022 1358 historicorum,
1047 1273 1136 1341 illam
1155 1293 1216 1360 pro
1234 1274 1325 1341 Ana·

261 1392 358 1459 stacio
387 1389 646 1477 conjurationem
672 1386 763 1456 duait
785 1408 852 1456 non
878 1388 1036 1455 Arsenius
1057 1388 1231 1456 Hortensis
1253 1388 1325 1477 epi·

261 1526 389 1593 scopus,
426 1502 657 1590 Anastasiique
688 1511 791 1590 pater,
827 1504 884 1572 sed
921 1504 1031 1571 nescio
1060 1503 1134 1593 quis
1160 1506 1323 1573 Arsenius

261 1641 359 1709 quem
377 1619 592 1706 Eugubinum
609 1617 796 1706 episcopum
810 1617 972 1706 fingunt¹.
994 1618 1101 1708 Hujus
1122 1630 1234 1688 autem
1256 1621 1325 1709 opi·

262 1738 370 1806 nionis
400 1737 492 1824 origo
520 1745 569 1804 est
601 1735 637 1803 in
662 1735 740 1804 Vita
772 1734 939 1804 Benedicti
968 1734 1015 1803 lll
1048 1737 1137 1803 locus
1168 1735 1322 1826 quidam,

262 1854 456 1942 depravatus
474 1851 608 1940 quidem
623 1852 658 1919 in
677 1851 842 1919 codicibus
858 1850 1100 1939 manuscriptis,
1118 1860 1152 1918 at
1169 1851 1204 1918 in
1229 1851 1325 1920 editis

261 1970 346 2037 male
375 1980 519 2037 sanatus.
552 1967 701 2055 Namque
728 1964 763 2032 in
793 1966 847 2033 illo
871 1966 980 2034 codice
1006 1966 1097 2034 Libri
1130 1966 1326 2053 pontificalis

261 2084 433 2175 (Vaticano
455 2085 553 2169 3761,
576 2082 712 2169 Vignoli
734 2081 805 2150 cod.
822 2081 899 2150 Vat.
924 2079 953 2169 Ι)
977 2081 1071 2169 cujus
1095 2080 1138 2149 ad
1159 2083 1327 2170 exemplar

260 2199 399 2268 editores
424 2219 551 2285 ornnes,
578 2199 613 2264 ni
631 2198 735 2284 fallor,
766 2196 987 2265 recentiorum
1014 2196 1206 2284 pontificum
1231 2198 1325 2267 vitas

262 2314 347 2402 typis
365 2311 564 2380 mandarunt
576 2310 602 2398 ²,
624 2313 670 2380 sic
695 2313 853 2399 scriptum
874 2321 949 2381 est:
970 2335 988 2378 a
1004 2311 1156 2380 Nicolaus
1175 2311 1326 2381 videlicet

262 2426 447 2513 Anagninae
475 2426 608 2494 antistes
633 2427 786 2514 ecclesiae,
818 2427 1000 2496 Mercurius
1035 2437 1132 2516 atque
1168 2428 1326 2513 magister

262 2541 417 2628 militum,
430 2540 568 2610 Arsenio
587 2541 718 2632 Equbio
732 2542 899 2612 obviantes
919 2544 1108 2632 episcopum
1124 2544 1166 2611 ad
1182 2543 1325 2612 invicem

261 2657 461 2727 confabulari
491 2668 658 2748 caeperunt
675 2658 699 2725 ³.
721 2681 738 2723 n
773 2658 874 2726 Porro
902 2659 982 2727 illud
1015 2683 1033 2725 a
1048 2657 1179 2746 Egubio
1200 2683 1217 2724 u
1250 2680 1326 2728 cor·

261 2783 395 2862 ruptum
412 2794 482 2843 esse
495 2783 638 2864 constat3
654 2774 710 2843 sed
730 2773 843 2861 facilis,
860 2784 897 2842 ut
912 2774 1040 2863 opinor,
1060 2774 1245 2842 emendatio
1260 2786 1323 2844 est.

261 2888 311 2958 Ibi
331 2889 421 2958 euim
435 2890 612 2977 significari
636 2891 670 2957 in
696 2911 760 2978 qua
783 2891 865 2958 urbe
886 2889 1047 2959 Arsenius
1070 2890 1104 2956 in
1123 2890 1325 2978 colloquium

261 3006 725 3093 congressumquelegatorum
734 3004 959 3073 Romanomm
970 3006 1122 3090 venisset,
1134 3026 1201 3073 non
1212 3016 1325 3075 autem

261 3118 355 3206 cujus
382 3118 475 3186 urbis
503 3129 588 3188 esset
617 3119 803 3208 episcopus,
836 3118 973 3201 ideoque
999 3119 1227 3208 «Eugubiin,
1254 3141 1323 3188 non

267 3257 283 3298 a
297 3231 426 3319 Egubio
438 3256 454 3296 n
472 3233 650 3321 legendum
666 3254 748 3320 esse,
765 3233 976 3302 manifestum
991 3234 1115 3304 iaciunt
1131 3256 1199 3302 non
1217 3236 1323 3303 solum

260 3347 359 3435 hujus
379 3348 547 3416 sententiae
562 3347 667 3416 forma
687 3357 720 3416 et
734 3349 828 3437 ratio,
845 3369 958 3417 verum
973 3349 1072 3418 etiam
1085 3349 1167 3418 alius
1180 3351 1271 3417 locus
1287 3349 1323 3417 in

261 3485 326 3552 quo
344 3462 432 3530 idem
446 3472 557 3530 auctor
573 3462 613 3531 de
630 3463 684 3531 illo
706 3464 819 3532 eodem
841 3464 1013 3552 colloquia,
1035 3465 1122 3553 quod
1142 3465 1239 3550 legati
1256 3465 1324 3532 Ro-

261 3577 351 3646 mani
367 3597 443 3646 cum
457 3576 597 3645 Arsenio
618 3577 813 3666 habuerant,
831 3598 946 3646 rursus
960 3579 1161 3647 mentionem
1180 3580 1321 3668 agitans,

261 3693 307 3762 sic
325 3692 494 3781 loquitur:
517 3715 534 3758 a
549 3689 743 3779 Consilium,
758 3693 845 3780 quod
860 3693 1029 3784 Ecqubio,
1052 3705 1088 3763 ut
1105 3695 1321 3783 praetulimus

294 3972 318 4019 1.
335 3969 367 4019 V.
383 3984 411 4018 ex
426 3968 522 4030 multis,
538 3967 669 4031 Batonius,
693 3967 818 4029 Anactes,
846 3984 869 4018 a.
894 3971 948 4033 855,
971 3985 997 4020 u.
1014 3981 1133 4024 xxxvula
1152 3969 1321 4034 Gregororius,

263 4046 406 4098 Geeclriclale
427 4049 474 4099 der
495 4047 575 4100 Stcdt
595 4049 665 4110 Rom,
686 4051 704 4098 t
725 4048 769 4110 lll,
787 4061 812 4112 p·
835 4051 894 4110 111;
917 4049 1103 4115 deargentatum,
1116 4049 1231 4115 Plotius,
1251 4057 1270 4101 t.
1290 4052 1321 4113 ll,

263 4141 288 4191 p.
302 4127 362 4185 aab
376 4127 444 4190 dalle,
457 4130 570 4195 lieqeela,
578 4141 607 4194 p.
620 4129 675 4179 311.

293 4207 317 4256 2.
335 4205 365 4254 V.
381 4206 410 4256 L.
425 4208 561 4275 Duchesne,
571 4195 658 4260 &lude
670 4223 715 4260 sur
727 4209 750 4260 le
763 4207 839 4260 liber
847 4209 1012 4274 pontificalia,
1024 4209 1064 4260 cb.
1079 4221 1116 4273 1¹,
1131 4225 1155 4274 p.
1171 4211 1229 4262 121.

291 4288 317 4337 c.
334 4286 366 4335 V.
380 4285 486 4348 Vignoli,
499 4290 541 4352 lll,
557 4304 581 4352 p.
597 4293 652 4350 lll,
667 4290 729 4340 inter
743 4289 886 4340 «variantes
898 4289 1013 4340 lectiones
1027 4307 1050 4340 ι.
