3006 5050
288 445 338 498 Dii
358 447 525 498 nluntno
546 446 642 498 PAPA
663 447 675 496 1
695 445 865 506 eresbur
884 446 1167 500 stultioribus
1231 449 1259 500 st

195 591 362 680 pontifice,
375 600 425 678 ut,
439 591 473 657 in
486 589 601 659 litteris
616 589 797 678 apostolicis
807 609 888 678 quas
897 588 1046 658 ferendas
1056 588 1261 680 prolecturus

194 715 379 793 acceperat,
408 725 485 773 eum
505 705 656 773 Nicolaus
677 705 883 793 appellaverit
904 704 1124 774 odeneiosum
1142 726 1259 792 suum,

198 823 386 909 episcopum
418 820 681 912 sanctissimum,
711 821 820 890 virum
851 822 1027 910 pellentem
1056 823 1192 892 scientia
1229 834 1262 892 et

196 937 389 1005 strenuitate
404 959 421 1000 u
436 935 459 1002 ¹.

242 1054 322 1135 Quae
336 1075 415 1122 sane
429 1053 582 1122 sanctitas
594 1062 692 1142 atquc
704 1054 891 1140 strenuitas,
903 1053 998 1142 cujus
1008 1063 1119 1123 essent
1131 1054 1262 1142 generis

196 1191 272 1237 mox
287 1171 437 1258 apparuit
455 1168 646 1238 clarissime.
664 1168 758 1249 Quod
776 1168 866 1237 enim
883 1169 1092 1239 Rhadoaldus
1112 1169 1263 1259 Byzantii

187 1283 264 1371 p'am
283 1291 477 1371 patraverat,
495 1283 554 1349 hoc
575 1281 610 1349 in
625 1280 762 1350 Francia
780 1302 845 1349 non
862 1281 1024 1371 dubitavit
1043 1283 1260 1354 committere.

198 1397 260 1466 Hic
283 1419 398 1466 rursus
422 1396 521 1484 regiis
543 1395 766 1484 corrumpitur
784 1397 978 1486 muneribus
987 1395 1014 1485 ²,
1033 1398 1086 1466 hic
1102 1398 1263 1468 litteresa

195 1495 329 1582 Micelae
343 1513 433 1580 dates
452 1532 565 1580 rursus
585 1511 767 1580 dissimulat
779 1509 803 1600 ³,
824 1511 924 1600 idem,
950 1512 985 1580 in
1007 1513 1131 1601 synodo
1151 1513 1260 1583 Mettis

196 1629 322 1715 babila,
349 1636 457 1694 ratum
478 1647 515 1693 ac
535 1625 661 1714 justum
684 1646 753 1695 esse
776 1625 967 1714 pronuntiat
989 1626 1149 1696 Hlotbarii
1173 1629 1260 1716 regis

194 1741 396 1812 adulterium
408 1740 585 1810 tercedit
599 1751 636 1809 ut
648 1741 870 1828 Rhadoeldus,
890 1763 958 1810 non
985 1741 1152 1812 iohannes
1172 1745 1265 1830 lega·
1306 1725 1309 1730 ⁵

197 2010 223 2044 n.
240 1993 325 2058 atbt);
337 1993 421 2058 Epist.
436 1991 472 2044 cd
485 1992 562 2057 episc.
572 1991 601 2043 in
614 1991 720 2042 coemtio
729 1992 849 2042 Mettensi
864 1993 944 2042 comi.
959 1991 1062 2056 (Migne,
1076 2007 1103 2057 p.
1112 1995 1172 2051 8⁰³:
1191 1995 1263 2060 lant,

194 2090 224 2124 n.
232 2075 316 2138 2i02);
334 2074 416 2138 Epiri.
427 2072 465 2123 cd
476 2072 599 2123 Curetum
611 2071 684 2122 Gelu.
701 2072 805 2136 (iligna,
817 2086 844 2136 p.
854 2074 899 2123 idi
906 2088 914 2137 3
926 2071 997 2134 tant,
1009 2085 1038 2122 a.
1049 2073 1132 2136 atne).
1146 2075 1195 2124 lias
1206 2076 1262 2139 qui·
1324 2109 1326 2114 ,

197 2154 254 2204 dem
263 2153 357 2204 litteras
368 2152 521 2204 Rhedoaldus
532 2154 632 2217 ejusque
641 2151 733 2214 collega
747 2151 792 2200 sibi
803 2152 828 2200 in
837 2151 962 2202 Franciam
973 2151 1164 2214 ingredientibus
1172 2153 1264 2204 ablatas

193 2249 251 2284 esse
264 2235 374 2287 dixerunt
384 2233 417 2298 (r.
429 2233 520 2283 Nicolai
533 2232 664 2298 Epicteti
677 2232 753 2297 episc.
765 2232 794 2282 iu
807 2247 885 2297 regne
896 2230 1263 2297 Hludcwiciccnsiii.,Migne,

185 2321 219 2364 t.
232 2315 318 2378 CXIX,
332 2329 356 2378 p.
372 2313 458 2376 tlte),
473 2327 520 2378 quo
535 2312 626 2375 audito,
647 2311 757 2363 Nicotaus
773 2311 803 2362 ad
817 2326 857 2362 ees
875 2317 977 2376 quatuor
990 2311 1049 2362 elias
1067 2313 1180 2378 epistolas
1195 2314 1264 2366 misit

194 2409 300 2458 puerum
315 2393 368 2442 dum
386 2393 464 2442 adbuc
482 2397 584 2452 exstant,
607 2391 632 2441 id
654 2398 700 2456 est,
722 2392 953 2442 Commonitorium
976 2392 1013 2442 ecl
1039 2392 1218 2444 clodoaldum
1236 2398 1263 2445 ei

198 2474 349 2537 iohannem,
366 2478 391 2522 et
410 2474 511 2522 Litterae
528 2472 564 2523 ud
578 2473 686 2537 episcop.
700 2472 845 2522 Gemanica
862 2475 887 2522 ct
900 2471 993 2524 Gallie
1006 2473 1040 2536 (r.
1054 2473 1147 2538 Migne,
1160 2489 1202 2540 ep.
1217 2476 1262 2526 157

193 2559 224 2603 et
237 2557 277 2614 20,
291 2553 361 2615 ibid,
378 2567 401 2616 p.
420 2555 479 2602 tris
494 2557 519 2601 et
531 2553 590 2614 ittig
605 2551 676 2611 leffe,
696 2565 722 2602 n.
736 2553 807 2614 2726,
825 2551 909 2615 atat).
927 2551 987 2602 Mihi
1002 2567 1057 2603 rere
1074 2554 1190 2615 cogitanti
1206 2553 1263 2604 ister

196 2633 292 2694 legatos
307 2647 337 2682 ne
348 2648 388 2682 eas
397 2632 496 2697 quidem
508 2631 600 2682 litteras
612 2646 695 2696 quasa
708 2631 805 2682 Niccleo
816 2631 944 2682 novissime
953 2639 1095 2697 acceperant
1103 2633 1227 2698 legendas,
1238 2635 1262 2683 in

194 2713 289 2778 synodo
303 2713 428 2777 Mettensi,
442 2711 536 2762 dedisse
551 2715 585 2774 tr.
600 2711 670 2774 inira,
685 2726 710 2760 n.
721 2711 757 2775 2),
781 2711 885 2760 maxims
904 2711 1007 2776 suspicis
1023 2717 1062 2762 est
1075 2713 1173 2764 aeteae
1190 2727 1263 2764 causa

193 2809 251 2844 csse
264 2793 387 2842 mentitos.

231 2877 254 2922 1.
272 2889 286 2922 o
292 2873 397 2934 Legatos
409 2885 482 2935 nunc,
497 2871 559 2921 sicut
571 2869 684 2935 diximus,
699 2877 791 2920 nestros
804 2871 862 2920 duos
881 2869 1029 2920 venerabiles
1050 2870 1181 2936 episcopos,
1195 2873 1262 2923 Rha-

193 2952 312 3003 doaldum
327 2951 440 3001 videlicet
457 2957 545 3002 sancte
563 2951 702 3002 portuensis
720 2950 826 3000 ecclesie
846 2957 870 3000 et
882 2951 999 3000 ioannem
1014 2956 1106 3001 sancte
1118 2951 1263 3002 Ficoclensis

194 3031 304 3084 ecclesiae
314 3031 445 3094 antistites,
457 3029 590 3080 deliciosos
603 3033 732 3081 nestros...
743 3030 882 3080 direximus.
893 3049 905 3076 o
920 3030 1013 3080 Nicolei
1026 3030 1110 3094 Epist.
1119 3031 1154 3082 cd
1165 3032 1262 3083 Mluciu-

195 3114 288 3162 euicum
305 3113 333 3162 ll
352 3113 440 3176 imper.
457 3111 561 3175 (Migne,
575 3110 647 3171 ibid,
664 3126 690 3175 p.
711 3113 776 3173 800).
793 3112 864 3175 «En,
879 3109 976 3160 Christe
992 3111 1102 3175 jurante,
1115 3113 1263 3164 eternitatis

196 3192 321 3256 pollentes
333 3192 439 3242 scientia
448 3194 526 3256 atque
536 3189 666 3251 doctrina,
676 3190 882 3240 reverentissimos
893 3205 956 3239 nunc
966 3190 1071 3253 dirigere
1083 3191 1168 3241 missos
1179 3192 1262 3243 decre-

197 3273 288 3334 vimus,
298 3270 463 3322 Rbadealdum
472 3271 566 3320 scilicet
574 3276 647 3335 etque
657 3271 773 3320 Jcennem
783 3271 915 3334 episcopos,
926 3269 1060 3320 deliciosos
1069 3274 1094 3321 et
1103 3271 1263 3322 consiliarios

198 3354 308 3404 rwsbos.
321 3367 335 3398 o
356 3351 446 3400 Nicolei
460 3352 545 3415 Epist.
561 3351 599 3400 ed
615 3352 744 3414 episcopos
765 3351 792 3400 io
809 3363 880 3399 conc.
905 3352 977 3400 Meti.
999 3350 1140 3401 residentes
1159 3351 1261 3416 (Migne,

198 3430 270 3489 thid,
288 3446 313 3495 p.
330 3430 419 3494 sca-3).
433 3429 705 3494 «presentibusque
724 3429 824 3492 legatis,
842 3429 981 3480 Rbadoeldc
994 3428 1106 3481 videlicet
1119 3436 1144 3480 et
1155 3432 1261 3495 ieiune,

196 3509 397 3560 reverentissimis
413 3515 439 3559 et
461 3510 618 3560 sanctissimis
636 3509 767 3574 episcopis,
790 3509 909 3560 deliciosis
926 3511 1023 3561 metris.
1038 3526 1052 3559 u
1070 3509 1163 3561 Nicclsi
1176 3510 1261 3575 Epist.

197 3589 237 3638 cd
251 3587 372 3637 Cuccium
389 3587 461 3638 Calo.
476 3587 557 3650 (ibid,
571 3603 594 3651 p.
607 3587 674 3651 803).

229 3671 254 3719 2.
273 3671 323 3718 clo
337 3682 385 3732 qua
400 3667 488 3731 synodo
504 3664 636 3731 (Mettensi)
651 3667 744 3731 prefati
762 3667 839 3732 missi,
858 3667 965 3733 corrupti
986 3668 1135 3730 muneribus,
1151 3667 1262 3732 epistolas

198 3747 290 3798 domini
314 3746 436 3811 apostolici
458 3747 603 3805 occultantes
628 3746 689 3796 nihil
707 3746 737 3796 de
759 3747 798 3796 bis
826 3762 879 3812 que
906 3747 952 3797 sibi
976 3746 1143 3798 commendata
1165 3747 1263 3795 luerunt

195 3827 329 3877 secundum
343 3841 437 3876 sacram
455 3827 621 3877 auctoritatem
633 3832 765 3888 egerunt.»
789 3827 914 3876 Hincmari
927 3827 1051 3890 Annales,
1071 3842 1093 3875 a.
1109 3827 1153 3876 863
1172 3825 1261 3890 (Pertz,

197 3907 255 3971 SS.‚
270 3915 291 3956 t.
312 3908 332 3968 l,
351 3922 376 3971 p.
397 3908 462 3968 160).
479 3924 491 3952 c
505 3906 553 3956 Sed
566 3907 696 3971 corruptis,
709 3907 782 3956 imme
796 3915 821 3956 et
834 3907 939 3957 levorem
957 3921 1028 3955 suum
1046 3907 1163 3956 traductis
1174 3904 1263 3967 legatis

197 3986 294 4050 nostris,
311 3986 374 4051 quod
387 3986 467 4048 libuit,
478 3987 584 4050 patrarit
599 3986 787 4051 (illotharius).u
803 3987 896 4036 Nicolei
909 3987 994 4050 Epist.
1006 3985 1042 4035 cd
1055 3986 1131 4050 episc.
1145 3987 1171 4036 in
1185 4000 1262 4050 regno

199 4067 339 4118 illudowici
352 4067 502 4118 constitutos
516 4067 619 4130 (Migne,
634 4066 704 4129 ibid,
720 4082 745 4130 p.
761 4067 842 4130 1166).

228 4150 253 4197 3.
271 4147 395 4197 Hincmari
406 4147 528 4210 Annales,
544 4145 560 4194 l.
575 4161 597 4196 c.
611 4147 649 4196 (ll.
665 4147 757 4210 Helele,
771 4147 882 4196 Histoire
895 4144 941 4196 cles
954 4145 1073 4209 censiles,
1085 4151 1105 4194 t.
1119 4147 1152 4210 V,
1165 4161 1192 4210 p.
1206 4149 1263 4197 its.

230 4229 254 4278 i.
273 4227 395 4277 Hincmari
408 4225 528 4287 Annales,
547 4224 564 4276 l.
586 4241 608 4276 c.
622 4227 678 4277 Haec
694 4233 775 4276 autem
787 4225 892 4290 synodus
905 4224 986 4274 habita
1002 4231 1039 4276 cst
1054 4247 1067 4271 «
1078 4226 1141 4276 circa
1155 4227 1264 4276 medium

201 4321 307 4357 mensem
319 4307 441 4357 lunium»
457 4305 551 4372 (ibid).
1076 4325 1079 4330 ·

1127 4399 1140 4444 6
