3006 5050
254 437 302 489 ott
323 437 492 488 dicento
514 439 610 490 ΡΑΡΑ
632 439 642 488 1
665 437 833 497 atttsouc
853 437 1131 492 naulttnnleus
1193 441 1225 490 79

159 579 289 648 Interea
301 581 342 648 ad
356 581 468 651 sedem
483 581 689 668 apostolicam
702 591 906 650 accesserunt
915 583 990 650 cum
1004 581 1106 652 Greci
1117 585 1225 672 plures

160 697 312 763 monachi
322 694 345 782 ¹,
365 705 437 763 tum
451 695 689 783 Theognostus,
705 697 895 764 monasterii
909 695 1081 784 cujusdam
1100 697 1225 786 Byzan-

159 812 220 878 tini
236 809 503 896 archimandrita,
524 811 575 878 vir
590 809 771 896 Ignatianis
787 810 936 898 partibus
949 811 1224 900 addictissimus&

159 927 215 1014 qui
233 946 300 994 non
313 926 409 994 modo
424 946 462 994 ea
475 947 547 1014 quae
563 925 841 1014 Constantinopoli
861 935 1030 1014 gesserant
1047 928 1145 1014 legati
1159 929 1225 998 duo

158 1041 302 1110 Romani
333 1041 435 1110 oculis
466 1051 631 1129 comperta
660 1043 836 1124 habuerat,
873 1041 930 1110 scd
958 1043 1057 1110 etiam
1084 1043 1224 1112 Romam

160 1159 313 1225 attulerat
323 1157 554 1244 gravissimum
571 1155 735 1244 quoddam
752 1156 826 1226 facti
840 1155 1085 1227 documentum.
1103 1159 1227 1228 Reddi·

161 1273 210 1338 dit
232 1273 322 1339 enim
339 1271 471 1338 Nicolao
492 1271 639 1340 libellum
658 1272 751 1339 illum
776 1273 833 1358 qui
856 1283 957 1340 exstat
980 1274 1085 1342 adhuc
1110 1277 1224 1362 gracia

160 1385 278 1455 litteris
289 1373 313 1472 ³,
338 1387 373 1452 in
393 1407 458 1474 quo
479 1385 626 1474 Ignatius
641 1406 675 1454 se
690 1408 707 1454 a
721 1385 908 1454 Rhadoaldo
925 1399 957 1455 et
971 1387 1139 1476 Zacharia,
1154 1401 1226 1458 tan·

159 1522 263 1590 quam
291 1503 479 1570 auctoritate
506 1501 592 1570 sedis
619 1501 813 1591 apostoticae,
841 1501 942 1572 fuisse
970 1504 1225 1574 condemnatum

158 1616 353 1704 gravissime
367 1617 564 1704 querebatur
574 1616 598 1685 ⁴.

208 1734 253 1799 At
282 1731 402 1800 frustra
429 1732 565 1801 omnia:
588 1732 756 1822 episcopus
782 1733 836 1801 ille
866 1733 1076 1824 Portuensis,
1107 1745 1154 1804 tot
1188 1757 1225 1804 ac

159 1847 262 1914 tantis
294 1846 423 1914 indiciis
454 1867 643 1934 oppressus,
674 1847 798 1915 Nicolai
828 1847 990 1935 pontificis
1018 1871 1085 1918 non
1118 1853 1225 1920 solum

159 1963 319 2029 offensam
340 1963 464 2028 nullam
486 1963 590 2048 subit,
612 1962 668 2030 sed
688 1963 778 2030 novis
800 1963 900 2030 etiam
923 1964 1095 2050 provinciis
1115 1967 1225 2033 statim

160 2077 362 2164 praeponitur
384 2077 562 2162 multisque
588 2089 724 2146 ornatur
748 2078 911 2147 laudibus.
953 2079 1030 2147 Haec
1056 2081 1163 2168 enim,
1188 2093 1226 2150 ut

160 2214 262 2280 supra
288 2193 370 2277 diri,
399 2202 474 2260 ante
502 2193 649 2261 medium
675 2214 800 2260 annum
826 2195 903 2262 862.
935 2193 1037 2262 Porro
1060 2205 1133 2282 post
1156 2197 1225 2266 dies

162 2309 302 2396 aliquot,
336 2306 523 2395 injudicio
557 2309 642 2376 sedis
675 2309 855 2399 apostolicae
884 2311 947 2379 alia
974 2333 1070 2382 causa
1100 2325 1225 2383 versata

162 2437 230 2511 est,
264 2449 355 2515 quae,
387 2426 664 2514 quemadmodum
700 2427 871 2513 ignatiana
906 2449 977 2517 res,
1005 2440 1038 2498 et
1061 2453 1226 2501 summam

160 2541 304 2610 habebat
328 2541 549 2609 difficultatem
575 2551 607 2610 et
632 2540 852 2628 prudentiam.
877 2542 946 2611 Rex
973 2545 1061 2613 enim
1088 2547 1227 2615 Hlotha·

160 2655 246 2738 rius,
263 2656 397 2724 dimissa
412 2655 607 2742 Thietberga
620 2677 718 2724 uxore
734 2657 893 2746 legitima,
905 2659 1116 2728 Waldradam
1131 2671 1226 2730 antea

160 2770 230 2860 jam
253 2771 470 2839 concubinam
490 2770 700 2840 matrimonio
723 2773 786 2840 sibi
810 2774 873 2841 rite
891 2773 1054 2862 junxerat.
1083 2775 1225 2844 Omnem

161 2905 235 2953 rem
258 2907 277 2953 a
301 2885 406 2972 prima
429 2887 556 2975 origine
580 2888 634 2955 hic
657 2907 791 2978 narrare
816 2890 953 2976 longum
974 2900 1034 2977 cst,
1055 2911 1162 2978 neque
1184 2893 1225 2960 ad

196 3113 219 3159 t.
238 3110 269 3160 V.
285 3111 317 3159 Le
329 3124 395 3174 pape
410 3109 539 3173 Formoce,
555 3125 579 3174 p.
596 3112 649 3160 tta.

194 3192 218 3240 2.
236 3191 306 3254 Ζήλῳ
319 3191 445 3248 κινηθεὶςὸ
470 3191 572 3252 μοναχὸς
590 3191 743 3253 Θεὸγιιωστος
761 3193 774 3240 ὁ
790 3192 979 3257 ἀρχιμοινδρίτης,
992 3197 1033 3244 καὶ
1054 3197 1093 3245 διὰ
1110 3201 1227 3263 κοσμικῆς

162 3270 250 3328 στολῆς
258 3269 374 3331 λαθραίως
388 3271 428 3317 καὶ
436 3267 506 3324 αὐτὸς
516 3272 549 3326 εἰς
563 3269 659 3334 Ῥώμην
669 3271 896 3336 ἐπιδημεῑ.8ῐχ1ἰιιοί
903 3273 985 3338 Epist.
996 3275 1033 3325 od
1040 3277 1195 3341 Stephanum
1209 3280 1230 3328 V

165 3348 262 3412 (Coleti,
273 3355 290 3397 t.
300 3351 330 3407 X,
339 3351 435 3412 pbbb).
448 3351 516 3398 Hunc
525 3356 605 3398 autem
612 3351 712 3400 Romam
722 3351 848 3400 advenisse
858 3359 959 3402 exeunte
969 3354 1093 3405 circitare.
1104 3360 1147 3408 861
1158 3360 1226 3408 tastis

163 3433 202 3478 est
214 3427 348 3478 Hadrianus
363 3442 427 3492 papa
439 3429 471 3490 ΙΙ,
487 3429 528 3493 qui
544 3427 573 3478 ad
586 3430 709 3490 ignatium
720 3431 835 3494 scribens,
854 3446 936 3482 mense
945 3434 1054 3496 Augusto
1067 3451 1091 3485 a.
1106 3439 1160 3498 868,
1176 3439 1226 3486 bare

162 3508 193 3558 da
202 3508 355 3568 'l'baogcosto
368 3509 402 3558 ait
417 3528 423 3558 :
443 3509 529 3572 capud
543 3509 669 3558 memorias
681 3499 842 3574 apostolorum
854 3526 897 3575 per
910 3522 1001 3576 septam
1018 3515 1093 3565 ferma
1110 3531 1226 3566 annorum

160 3587 283 3636 curricula
297 3593 323 3636 ut
343 3587 429 3652 hospes
443 3594 467 3637 et
483 3589 574 3638 advena
587 3589 724 3638 demoratus
735 3607 758 3638 ι.
774 3589 887 3640 Hadriani
902 3593 923 3642 11
947 3593 1030 3657 Epist.
1042 3595 1079 3644 od
1098 3597 1226 3659 Ipaatium

163 3667 267 3731 (teigne,
278 3667 309 3715 P.
320 3667 356 3729 L.‚
367 3673 386 3716 t.
397 3668 495 3728 cxxc,
503 3683 528 3732 p.
538 3669 618 3732 1278).
631 3668 669 3718 Cf.
680 3669 710 3718 Le
714 3683 784 3734 pope
790 3671 916 3734 Formosa,
926 3687 950 3736 p.
963 3677 1042 3723 142-3.

194 3749 218 3797 3.
236 3747 263 3798 ld
281 3752 320 3796 est
343 3747 368 3795 in
388 3746 429 3796 illa
452 3762 525 3811 quam
542 3753 629 3798 vocant
649 3749 764 3813 Epitome
790 3751 888 3800 conatii
914 3753 979 3816 VIII,
1003 3760 1027 3802 et
1041 3769 1094 3816 qua
1111 3761 1147 3803 est
1163 3755 1226 3819 apud

163 3825 250 3891 Coleti,
270 3833 288 3877 t.
311 3828 342 3890 X,
357 3841 381 3891 p.
396 3829 439 3878 681
460 3842 514 3891 sqq.
536 3830 587 3878 Hoc
602 3834 682 3878 autem
697 3831 785 3890 Ignatii
799 3831 916 3896 scriptum
931 3834 1031 3882 Romam
1050 3835 1227 3894 aTbeognosto

163 3907 237 3956 fuisse
252 3905 351 3956 allatum
364 3907 499 3958 declaratur
517 3908 541 3957 in
550 3909 659 3971 ejusdam
673 3909 751 3970 titulo,
767 3910 790 3959 in
804 3926 850 3976 quo
864 3919 901 3960 est
914 3911 948 3960 sic
963 3931 969 3961 ι
983 3913 1097 3968 Λίὸελλος
1110 3915 1226 3978 περιέχων

163 3987 243 4038 πάντα
267 3986 297 4035 τὰ
311 3986 374 4035 κατὰ
392 3987 432 4036 τὸν
452 3987 526 4052 μέγαν
551 3988 677 4052 Ἰγνάτιον,
697 3990 808 4054 πεμφθεὶς
828 3991 886 4056 πρὸς
904 3991 1021 4041 Νικόλαον
1032 3993 1114 4044 πάπαν
1132 3994 1229 4058 Ῥώμης

162 4067 383 4130 προσωποοιοιηθεὶς
402 4067 449 4116 ὑπὸ
463 4068 618 4131 &soweie-roc
636 4078 741 4133 μοναχοῦ
755 4071 796 4119 καὶ
816 4070 998 4135 ἀρχιμανδρίτου
1016 4072 1056 4132 τῆς
1069 4075 1228 4142 πρεσὸιιτέρας
1321 4139 1323 4146 Ι

168 4145 274 4208 Ῥώμης,
292 4147 333 4195 καὶ
348 4146 447 4212 ἐξάρχου
462 4150 733 4206 Κωνοτοιιιτινουπὸλεως
747 4151 780 4206 εἰς
793 4149 869 4213 ὄνομα
884 4149 997 4212 Ἰγνοιτίου
1013 4150 1055 4200 τοῦ
1069 4157 1226 4222 πατριάρχου.

121 4250 125 4256 ·
166 4226 264 4290 (dolati,
278 4233 297 4276 t.
311 4229 342 4290 X,
355 4242 380 4292 p.
393 4229 484 4294 765-7.)

126 4303 130 4310 '
198 4311 222 4357 t.
239 4308 269 4359 V.
285 4307 371 4371 dolen,
384 4307 455 4372 ibid,
469 4324 495 4373 p.
508 4312 563 4360 769,
