2944 5060
481 489 675 541 arrnnnlx
700 491 814 542 PRIOR
1133 487 1179 539 305

116 628 195 694 urbis
217 629 330 700 Agatho
345 627 462 686 antistes
472 629 603 698 aderaut,
623 631 672 704 qui
685 632 760 688 clam
776 632 868 687 Roma
883 629 1075 686 discesserant
1093 629 1177 698 urba,

118 720 148 773 et
158 716 255 772 eidem
267 705 508 775 anathematizato
523 721 597 776 tetra
609 719 712 776 irretiti
725 719 847 793 caligine
859 737 889 776 se
905 721 1068 793 junxerant,
1077 719 1178 776 obscu-

117 805 175 859 rati
193 822 290 873 sensu,
306 809 403 862 mente
423 810 453 862 et
467 807 573 864 anima.

153 895 212 950 Hoc
226 894 288 966 ipse
299 895 350 950 liei
361 895 485 952 famulus
498 897 617 953 audiens
628 898 798 955 Benedictus
807 899 931 974 electus,
945 897 1118 971 Gregorium
1127 897 1182 956 Ma-

116 983 277 1056 jonemque
293 985 470 1040 venerabiles
482 987 694 1060 prudentesque
714 992 743 1044 et
761 987 841 1044 omni
859 988 977 1044 scientia
997 988 1098 1060 plenos
1119 986 1181 1059 epi·

120 1088 234 1144 scopos,
249 1072 317 1145 ipsis
332 1073 527 1146 imperialibus
539 1075 632 1132 missis
646 1093 712 1132 eum
725 1077 865 1150 aliquibus
880 1077 982 1133 litteris
997 1075 1107 1132 studuit
1120 1074 1182 1132 des-

118 1160 223 1229 tinare,
240 1179 313 1233 quos
334 1164 592 1236 apprehendentes,
614 1166 762 1222 Anastasio
781 1166 1022 1223 anathematizato
1043 1168 1181 1222 monente

119 1251 299 1322 presbytero,
315 1251 468 1308 vinxerunt
487 1257 516 1309 et
528 1253 693 1310 custodibus
702 1255 892 1324 tradiderunt,
907 1255 985 1328 quod
998 1272 1051 1310 nec
1065 1252 1182 1309 barbari

121 1338 244 1409 gentiles
258 1339 288 1394 in
301 1340 404 1412 legatis
418 1341 569 1412 perfecisse
584 1342 749 1399 audiuntur.
763 1344 950 1400 Postmodum
967 1347 1064 1400 autem
1078 1341 1181 1414 saepius
1272 1357 1280 1372 ⁵

121 1427 214 1484 dictus
235 1429 339 1486 Christi
363 1430 492 1486 minister
513 1430 682 1486 Benedictus
709 1432 814 1488 electus
838 1433 1015 1489 Hadrianum
1037 1431 1182 1504 insignem

122 1517 353 1582 secundicerium
385 1521 491 1574 sanctae
514 1519 589 1574 sedis
620 1521 783 1592 apostolice
806 1521 872 1589 illis,
894 1524 979 1594 atque
1012 1521 1182 1592 Gregorium

120 1605 227 1662 ducem
242 1607 356 1664 obviam
370 1607 482 1664 direxit.

156 1696 254 1750 Altera
279 1700 376 1752 aulem
403 1697 462 1766 die,
484 1698 620 1754 missione
640 1699 794 1771 fungentes
816 1699 896 1756 omni
921 1700 997 1756 clero
1023 1701 1181 1770 cunctoque

120 1784 234 1840 senatui
259 1788 288 1839 et
310 1785 441 1842 universo
466 1788 572 1860 populo
594 1787 802 1844 mandaverunt
830 1787 996 1854 utobviam
1019 1787 1075 1843 illis
1102 1791 1183 1842 trans

119 1872 248 1929 Milvium
261 1878 382 1946 pontem
395 1875 580 1948 imperatoris
592 1876 766 1949 jussionibus
779 1877 863 1936 irent.
878 1879 955 1934 Tunc
970 1893 1071 1933 omnes
1084 1875 1183 1932 dolum

120 1963 283 2020 nescientes
292 1965 414 2021 Romani
423 1983 518 2038 neque
531 1966 676 2022 fallaciam
686 1968 899 2039 acquieverunt,
911 1965 1093 2038 Milviumque
1103 1968 1183 2020 trans

120 2056 244 2122 pontem
273 2055 379 2110 Urbem
402 2054 509 2126 egressi
533 2056 710 2112 unanimiter
735 2059 933 2129 perrexerunt.
958 2054 1183 2128 Properantibus

121 2141 242 2214 quidem
256 2141 294 2198 ad
308 2145 442 2217 martyris
450 2145 513 2217 jam
526 2145 578 2201 fati
592 2146 750 2215 basilicam,
775 2146 831 2218 ipsi
851 2147 886 2202 de
902 2145 1005 2218 quibus
1020 2145 1083 2217 jam
1098 2160 1183 2215 supra

119 2231 212 2302 legati
224 2233 423 2301 meminimus,
440 2234 534 2290 eidem
557 2234 687 2307 deposito
703 2252 736 2290 ac
756 2235 996 2291 anathematizato
1015 2234 1183 2306 presbytero

121 2320 258 2393 episeopo
279 2322 348 2395 (sic)
372 2325 464 2378 clerus
488 2324 627 2380 Romame
652 2324 744 2396 plebis
772 2341 804 2380 ac
827 2341 959 2397 proceres
988 2323 1181 2394 obviaverunt,

121 2427 189 2465 cum
204 2410 307 2483 quibus
326 2412 435 2484 pariter
456 2411 617 2484 equitantes
641 2429 693 2484 per
715 2412 835 2468 Neronis
859 2428 994 2484 campum
1019 2411 1101 2468 Urbis
1122 2411 1184 2482 jam

120 2498 236 2555 moeniis
262 2501 466 2573 properabant.
491 2501 668 2556 Hadrianum
693 2518 806 2574 quoque
842 2501 987 2573 insignem
1019 2498 1185 2556 secundice-

121 2588 210 2659 rium,
236 2589 348 2662 dequo
370 2607 457 2661 supra
470 2589 632 2657 retulimus,
649 2590 787 2646 vallatum
808 2590 971 2646 custodibus
994 2588 1185 2646 deducebant.

122 2678 293 2734 Gratianum
307 2695 374 2734 vcro
388 2679 460 2734 sacri
471 2679 816 2750 superistampatriarchii
825 2682 910 2752 atque
916 2677 1101 2735 Theodorum
1115 2677 1185 2733 scri-

122 2767 268 2822 niarium¹
285 2767 532 2840 apprehendentes
554 2769 682 2822 reclusos
701 2767 806 2824 lanceis
822 2768 986 2824 retinebant
1000 2771 1029 2822 et
1046 2767 1185 2834 astrictos,

124 2856 203 2927 quod
234 2857 397 2912 nullatenus
420 2859 613 2928 Augustorum
637 2856 764 2928 jussione
783 2859 980 2930 preceperant
1010 2870 1186 2910 neccarum

122 2946 271 3000 voluntate
290 2944 475 3014 dictaverant,
491 2945 542 3000 sed
553 2945 609 3000 hoc
620 2944 720 3000 infelix
734 2945 857 3018 depositi
878 2944 1062 3018 praesumptio
1083 2944 1187 3015 agebat

123 3033 298 3107 presbyteri.

160 3124 215 3189 Qui
235 3124 389 3179 virtutibus
419 3125 594 3180 Leonianam
628 3142 694 3180 curn
718 3123 786 3195 ipsis
816 3123 934 3180 Caesaris
965 3122 1068 3194 legatis
1090 3121 1185 3193 ingre-

125 3213 207 3270 diens
229 3213 347 3281 Urbem,
369 3215 566 3286 apostolorum
584 3217 701 3286 repenle
721 3229 808 3286 quam
823 3229 882 3268 non
898 3211 1038 3268 debuerat
1051 3209 1187 3283 principis

124 3301 246 3358 introire
264 3301 423 3370 basilicam,
445 3303 496 3358 Dei
515 3303 726 3375 parvipendens
747 3301 888 3372 judicium
912 3300 1047 3356 audacter
1072 3297 1186 3366 invasit,

125 3395 265 3464 tantaque
291 3407 324 3447 ae
345 3390 414 3446 talia
436 3392 567 3447 infaustae
591 3390 766 3464 operationis
792 3391 869 3445 mala
890 3389 1002 3461 peregit
1020 3388 1115 3461 qualia
1133 3403 1186 3442 nec

126 3479 286 3536 Sarracena
307 3480 337 3536 in
358 3497 393 3536 ea
413 3469 552 3552 perficere
576 3498 679 3536 manus
699 3479 890 3551 praesumpsit,
913 3478 959 3532 vel
980 3477 1118 3533 arbitrata
1133 3479 1184 3530 est.

126 3569 270 3641 Imagines
282 3570 361 3625 enim
376 3569 519 3641 confregit
530 3570 651 3643 ignique
665 3568 867 3636 concremavit,
887 3570 915 3623 et
926 3566 1085 3639 synodum,
1101 3581 1188 3637 quam

125 3673 214 3729 supra
228 3657 384 3714 sanctuarii
400 3658 506 3730 januas
527 3659 618 3714 bealae
639 3656 789 3712 memoriae
811 3657 867 3710 Leo
881 3653 962 3726 pingi
971 3671 1047 3727 papa
1053 3654 1186 3726 J'usserat,

127 3745 278 3816 destruxit,
300 3747 474 3820 flaminique
490 3749 555 3804 Jesu
576 3746 678 3802 Christi
700 3746 816 3818 ejusque
830 3760 945 3815 semper
967 3742 1091 3814 Virginis
1105 3739 1188 3797 Geni-

159 3965 182 4014 i.
198 3962 266 4023 Quod
285 3962 315 4027 si,
336 3967 363 4012 ut
376 3962 426 4012 reri
445 3967 481 4012 est
495 3961 582 4022 simile,
595 3959 635 4010 hic
652 3959 790 4010 Theodorus
815 3958 951 4007 scriniarius
969 3957 1033 4007 idem
1051 3963 1089 4006 est
1108 3971 1149 4021 qur
1162 3956 1187 4005 in

127 4042 221 4093 duabus
249 4041 372 4092 Benedicti
398 4041 430 4090 lll
458 4039 565 4104 epistolis
589 4038 723 4103 appellatur
751 4036 857 4086 notarius
884 4041 910 4084 et
929 4033 1075 4084 scriniarius
1096 4033 1186 4099 (iant,

127 4137 155 4173 n.
177 4125 247 4186 2663,
260 4123 342 4186 2666),
357 4136 477 4186 quemque
492 4134 564 4184 supra
577 4120 689 4181 vidimus,
705 4133 726 4166 a.
740 4118 794 4177 853,
810 4115 835 4162 in
848 4114 946 4163 concilio
960 4114 1064 4176 generali
1080 4117 1186 4165 Romano

128 4208 271 4268 presentem
286 4203 324 4266 (p.
341 4202 407 4266 29³),
433 4201 585 4264 consequitur
601 4205 628 4248 ut
647 4197 737 4248 Nicolai
759 4197 769 4244 l
792 4201 859 4258 pater
877 4195 907 4242 ab
923 4195 1048 4244 Anastasio
1066 4210 1114 4245 non
1136 4203 1186 4246 ste-

131 4285 199 4334 terit.
214 4282 278 4342 Quid
293 4295 348 4332 vero
361 4281 462 4332 senserit
475 4281 547 4344 tilius,
562 4294 593 4329 an
604 4285 668 4330 esset
678 4276 816 4342 presbytero
830 4275 858 4326 S.
873 4274 978 4326 Marcelli
991 4277 1040 4339 jam
1056 4281 1109 4326 tum
1119 4276 1187 4326 beni·

127 4365 205 4428 gnior,
222 4363 252 4414 de
265 4363 310 4413 hoc
323 4362 411 4412 frustra
423 4361 533 4427 quaesivi.

1035 4449 1065 4497 20
