2954 5050
252 431 299 482 266
469 429 688 493 tuesrtslt,
715 428 914 481 HADRlANO
938 429 1036 481 Pura
1056 429 1097 488 ΙΙ,

253 572 329 661 quis
341 570 441 640 fuerit
451 572 516 641 dux
530 573 578 642 rei
590 581 622 641 et
630 571 834 641 machinator
844 573 1029 661 ignoratur,
1045 590 1201 659 magnam
1214 571 1323 639 admi·

254 688 415 757 rationem
425 709 628 759 commovere
639 691 719 758 solet
730 688 753 757 ¹.
769 687 1323 759 TumetiaminterAnastasiumet

254 801 472 871 flincmarum
503 805 621 872 exarsit
648 803 848 873 acerrimum
876 814 1054 892 certamen,
1081 803 1158 872 hnic
1185 802 1323 890 quidem

254 919 421 988 consimile
442 919 543 1008 quod,
559 919 683 988 Nicolai
700 921 915 1009 temporibus,
930 929 1061 1008 propter
1075 917 1323 988 Wulladianam

253 1034 345 1104 litem
363 1034 562 1124 exstiterat²,
586 1057 701 1106 verum
715 1037 751 1104 in
773 1058 838 1124 quo
851 1035 1024 1104 Remensis
1044 1035 1321 1125 archiepiscopus,

254 1151 411 1239 quoniam
433 1151 587 1220 Carolum
605 1151 740 1222 Calvum
761 1174 829 1221 non
845 1151 916 1241 jam
930 1151 1111 1236 infensum,
1139 1151 1197 1220 sed
1224 1150 1320 1238 quasi

253 1264 332 1335 belli
345 1276 529 1336 consortem
547 1267 702 1355 habebat,
722 1267 969 1337 bibliothecario
987 1267 1136 1337 Romano
1153 1266 1321 1355 graviores

254 1383 366 1470 plagas
377 1381 498 1452 referre
512 1383 624 1452 valrrit.

300 1497 413 1566 Dicam
424 1507 548 1587 postea,
564 1520 643 1569 usus
658 1501 762 1588 ipsius
776 1499 935 1569 Hadriani
952 1500 1148 1584 testimonio,
1164 1521 1229 1588 qna
1246 1499 1324 1569 vict

243 1611 367 1682 'fraude
384 1613 412 1682 is
426 1614 568 1703 pontifex
589 1615 626 1683 in
648 1618 709 1685 hoc
731 1615 854 1685 infelici
868 1617 999 1704 negotio
1014 1625 1071 1685 aut
1090 1617 1245 1705 deceptus
1266 1625 1324 1684 ant

253 1739 384 1800 coactns
398 1730 515 1820 fuerit3
532 1752 621 1800 nunc
635 1731 718 1800 facte
730 1732 801 1820 ipsa
814 1753 1063 1822 prosequamur.

299 1845 425 1934 Itaque,
444 1848 533 1915 nulla
557 1869 648 1916 mora
671 1849 876 1936 interposita,
900 1848 1015 1936 quinto
1036 1848 1194 1918 kalendas
1218 1847 1323 1917 Julias

256 1961 335 2030 anni
348 1964 426 2050 870,
442 1964 625 2050 complures
640 1964 782 2051 epistolae
795 1964 830 2031 in
845 1961 965 2033 Gallias
987 1963 1266 2052 Germaniamque
1285 1983 1325 2032 ex

254 2074 413 2146 Hadriani
434 2098 574 2166 persona
594 2087 626 2147 et
646 2079 780 2147 nominc
800 2079 910 2148 missae
930 2078 1042 2167 sunt³,
1058 2100 1199 2167 quarum
1211 2079 1326 2169 praeci-

254 2213 319 2280 pne
333 2193 419 2281 duae,
431 2215 499 2263 una
515 2194 628 2264 Carolo
642 2193 752 2283 Calvo,
769 2196 869 2264 altera
885 2193 1065 2263 Hincmaro
1083 2195 1325 2283 archiepiscopo

256 2309 388 2397 scripta,
418 2329 457 2377 eo
480 2310 566 2398 stilo,
591 2331 629 2378 ea
652 2311 828 2379 verborum
849 2320 882 2379 et
907 2312 1145 2380 sententiarum
1164 2311 1328 2398 composi·

256 2424 346 2493 tione
360 2424 584 2513 continentur,
600 2436 649 2513 ut,
672 2426 700 2494 si
721 2427 933 2494 Anastasium
946 2436 1018 2495 tum
1031 2425 1170 2495 Romam
1188 2427 1327 2496 rediisse

256 2540 388 2610 aliunde
412 2562 479 2608 non
501 2550 676 2625 constaret,
704 2544 765 2610 hoc
791 2551 978 2630 suppeteret
996 2551 1243 2630 argumentum.
1273 2540 1327 2610 lbi

256 2656 347 2726 enim
366 2655 667 2756 cademyrefutandi
686 2658 845 2726 acerbitas
863 2679 964 2747 quam
984 2657 1020 2725 in
1034 2659 1151 2727 litteris
1170 2657 1326 2727 Nicolail

257 2791 341 2861 saepe
357 2773 511 2859 vidimus,
528 2772 575 2840 ibi
590 2771 705 2842 eadem
719 2774 838 2863 ironia,
854 2784 952 2862 atque
974 2795 1025 2842 ars
1046 2774 1161 2842 ecdem
1175 2773 1326 2844 adversa·

256 2889 383 2958 riorum
403 2889 489 2959 dicta
509 2889 719 2977 retorquendi
731 2889 756 2960 ⁴.
775 2888 836 2960 His
852 2889 968 2959 litteris
990 2893 1170 2979 appellatur
1188 2890 1325 2960 Carolus

289 3098 311 3146 l.
329 3093 448 3144 Henricus
464 3092 565 3146 Schrdrc
577 3095 732 3146 hnaeusinm
745 3093 953 3146 bibliothecarium
966 3095 1036 3159 hujus
1047 3095 1082 3145 rei
1096 3093 1240 3161 participem
1251 3110 1324 3160 sagn-

257 3174 318 3226 citer
328 3174 441 3225 odoratus
452 3180 500 3237 est,
514 3174 557 3224 sod
571 3175 630 3225 nihil
645 3176 705 3226 certi
715 3175 799 3226 afferre
810 3177 896 3242 potuit.
909 3177 941 3228 V.
954 3175 1088 3240 Hiokmor,
1102 3190 1127 3241 p.
1142 3178 1197 3227 349.

288 3258 312 3306 2.
328 3254 361 3307 V.
377 3269 459 3320 supra,
473 3269 497 3320 p.
513 3256 628 3308 489-297.

289 3336 314 3384 3.
331 3336 363 3386 V.
376 3334 445 3398 4664,
464 3350 490 3385 6.
512 3338 582 3398 2926,
603 3337 674 3401 2927,
695 3337 766 3397 2928,
787 3338 858 3398 2929,
878 3338 949 3402 2939,
971 3337 1046 3400 2934;
1071 3336 1163 3401 lligne,
1184 3342 1204 3387 t.
1224 3337 1324 3402 cxxn,

257 3430 297 3480 cp.
317 3418 358 3481 24,
380 3418 420 3479 25,
440 3415 481 3478 26,
502 3417 542 3479 nt,
561 3417 602 3481 28,
620 3418 661 3481 29,
681 3431 706 3482 p.
726 3419 867 3468 42976395.
885 3417 925 3469 Cf.
944 3417 1069 3468 Hincmeri
1088 3415 1211 3482 Annales,
1232 3433 1257 3475 a.
1278 3419 1324 3472 tto

258 3496 347 3562 (Perta,
362 3497 383 3560 f,
398 3499 443 3548 490
454 3496 499 3562 ²⁵).

289 3578 313 3628 4.
330 3579 402 3642 Nam,
413 3585 442 3628 nt
461 3592 536 3628 unum
557 3577 691 3643 exemplum
711 3578 742 3628 dc
763 3577 847 3629 multis
859 3578 967 3642 meram,
986 3593 1059 3644 supra
1077 3578 1243 3631 describebam
1256 3577 1325 3629 illum

257 3655 337 3707 locum
351 3671 398 3722 quo
416 3659 565 3719 Anastasius,
585 3663 612 3708 64
631 3658 787 3708 Hincmarnm
806 3661 949 3710 Rementem
969 3658 1113 3723 consumet,
1129 3656 1193 3708 illins
1209 3659 1282 3709 rurba
1299 3667 1326 3710 at

257 3737 422 3787 defensionem
434 3738 571 3802 reponebat,
587 3737 670 3788 crebro
683 3744 758 3803 atque
769 3738 884 3789 acerrime
897 3738 1066 3801 interrogando
1080 3737 1213 3800 refellebat,
1228 3754 1256 3789 ec
1270 3745 1324 3789 tan·

257 3815 312 3867 dem
327 3818 361 3868 sic
372 3831 466 3868 summa
480 3817 554 3868 ironia
567 3817 723 3868 concludebat
739 3837 747 3868 a
764 3836 776 3866 ι
791 3821 854 3869 Ecce
872 3819 996 3884 quomodo
1010 3822 1105 3870 etatum
1124 3831 1213 3868 eorum
1232 3833 1324 3870 66666-

256 3898 353 3962 6464444,
367 3913 421 3949 ecce
433 3899 556 3964 quomodo
567 3901 662 3949 stolum
672 3899 795 3963 querenti.
806 3916 820 3948 6
837 3898 877 3963 (V.
893 3914 974 3964 snpra,
983 3914 1008 3964 p.
1020 3902 1085 3963 118.)
1096 3901 1166 3949 Nunc
1176 3915 1232 3950 rero
1243 3900 1325 3951 ridete

257 3978 376 4044 quomodo
389 3977 502 4030 Carolum
519 3978 619 4031 Calvum
635 3993 664 4029 ex
679 3979 755 4044 ipsius
768 3978 918 4044 opinionibus
927 3985 953 4029 et
961 3979 1055 4044 scripti
1066 3985 1191 4043 coarguat,
1205 3979 1325 4046 quomodo

257 4072 342 4122 aspera
362 4059 547 4122 interrogatione
569 4060 707 4122 insectetur,
727 4058 845 4124 quomodo
867 4059 971 4124 denique
990 4059 1062 4108 simili
1081 4058 1233 4111 conclusione
1252 4067 1324 4125 etque

259 4137 335 4188 ironia
347 4139 448 4192 desinat.
465 4140 605 4204 «Quodsi,
621 4141 663 4204 nit,
678 4155 723 4190 nac
736 4139 779 4189 tihi
800 4139 845 4189 iate
863 4139 994 4203 sufficiunt,
1008 4145 1065 4189 tunc
1085 4139 1114 4189 cd
1129 4140 1229 4204 majoris
1242 4153 1325 4205 reprc-

258 4217 378 4269 bensionie
392 4228 439 4270 tun
454 4221 578 4271 cumulum
590 4223 637 4271 tuis
650 4227 676 4272 te
690 4218 831 4286 specialibus
846 4221 970 4271 sententiis
984 4221 1146 4284 convenimus,
1159 4225 1186 4270 et
1199 4227 1227 4270 64
1239 4220 1270 4271 ad
1283 4235 1325 4270 cor

258 4304 329 4348 tunm
347 4299 441 4365 redeas,
457 4316 487 4352 cx
499 4303 547 4352 oris
560 4301 597 4353 tui
616 4299 804 4367 profectionibus
822 4300 958 4352 incitamus.
980 4300 1080 4361 Quando
1100 4299 1176 4364 igitur
1199 4300 1325 4366 Lndorici,
