2960 5052
300 463 315 510 2
723 462 941 515 PROOEMIUM

301 607 479 676 veteribus
508 605 708 675 auctoribus
736 603 994 676 testimonium¹
1030 607 1122 675 hanc
1159 601 1367 692 opinionem

303 732 544 818 comprobant,
558 736 630 798 tum
641 736 728 799 aetas
741 730 819 818 ipsa
830 730 1077 798 nonnullorum
1087 728 1258 814 codicum,
1272 748 1365 816 quo-

301 875 379 924 rum
397 876 487 924 unus
503 855 641 944 septimi
656 855 767 924 seculi
784 853 869 943 est²‚
885 856 954 924 duo
975 875 1061 924 vero
1083 855 1141 923 alii
1164 853 1280 925 octavi
1302 871 1365 922 se-

303 977 372 1046 culi
383 975 407 1064 ³,
430 985 503 1047 tum
523 980 773 1064 sexcentiloci
789 1000 877 1067 quos
897 986 1038 1049 veteres
1055 979 1260 1068 scriptores,
1279 981 1365 1047 ante

301 1107 479 1176 Anastasii
490 1114 662 1195 tempora,
678 1107 802 1194 abillis
821 1127 1037 1176 summorum
1054 1107 1257 1196 pontificum
1271 1105 1364 1176 Vitis

302 1230 338 1298 in
362 1251 447 1300 suos
470 1231 579 1300 libros
603 1233 857 1300 transtulerunt
867 1229 890 1317 ⁴,
907 1236 986 1300 tum
1006 1232 1157 1320 denique
1172 1231 1307 1300 varium
1324 1230 1364 1298 in

302 1355 409 1424 variis
426 1356 583 1443 partibus
608 1355 786 1424 scribendi
813 1376 940 1444 genus,
971 1356 1190 1425 recentiores
1219 1355 1363 1425 criticos

304 1479 516 1566 impulerunt
539 1484 576 1546 ut
594 1497 673 1547 eam
695 1479 949 1566 conjecturam,
972 1479 1048 1548 sine
1066 1481 1139 1548 ulla
1153 1481 1363 1550 auctoritate

302 1603 532 1690 propositam,
552 1603 693 1672 omnino
709 1603 915 1691 abjicerent.
931 1607 1032 1674 Nunc
1048 1609 1165 1672 autem
1182 1623 1247 1692 pro
1263 1611 1363 1673 certo

302 1727 503 1795 babendum
526 1733 582 1796 est
604 1728 873 1796 celeberrimum
891 1728 975 1797 illud
995 1748 1097 1816 opus
1111 1729 1146 1796 in
1162 1728 1298 1816 primaj

301 1858 401 1938 parte
414 1851 504 1920 sexti
517 1852 629 1921 seculi
641 1850 874 1936 inchoatum⁶‚
887 1853 1061 1922 continuis
1071 1858 1197 1940 postea
1208 1853 1366 1940 adscrip

302 1975 454 2045 tionibus
467 1977 625 2065 Vitisque
637 1977 719 2046 inde
733 1997 778 2046 ex
788 1977 910 2046 ordine
921 1977 1096 2065 adjunctis
1112 1975 1337 2046 accrevisse⁶
1352 1999 1361 2044 :

303 2121 383 2189 quae
394 2101 643 2190 quidemVitae‚
659 2107 784 2171 octavo
796 2102 922 2170 abhinc
936 2103 1070 2183 seculo,
1089 2103 1132 2170 ab
1147 2102 1190 2170 iis
1203 2101 1286 2170 viris
1301 2102 1366 2189 qui

303 2226 435 2294 circum
460 2244 589 2312 papam
609 2226 853 2311 versabantur,
879 2225 1085 2314 compositae
1110 2227 1263 2311 suerunt,
1288 2225 1365 2295 imo

292 2349 465 2434 singulae
490 2348 685 2417 viventibus
721 2349 835 2418 adhuc
871 2349 1020 2437 singulis
1054 2349 1277 2437 pontificibus
1305 2349 1365 2418 inL

295 2471 448 2560 ceptae&
631 2459 633 2467 ’
671 2455 673 2462 ’

347 2598 399 2665 Ad
424 2615 597 2665 summum
620 2597 733 2686 quaeri
755 2604 873 2686 potest
897 2617 981 2666 num
1004 2599 1215 2668 Anastasius
1237 2599 1366 2669 biblio-

227 2859 228 2864 *
296 2785 352 2876 'tion
365 2802 396 2852 de
412 2803 537 2866 Mayence.
549 2819 563 2850 u
577 2789 663 2853 diade
683 2817 728 2852 aur
748 2801 773 2852 Ie
789 2801 864 2854 Liber
884 2801 1051 2868 pontificalis.
1073 2803 1151 2867 Paris,
1167 2801 1266 2864 Thurin,
1285 2809 1364 2866 1⁸⁷·st
1474 2819 1475 2832 ¹

303 2898 328 2947 p.
342 2886 366 2946 5,
381 2898 404 2933 n.
419 2890 444 2934 1.

334 2968 357 3014 1.
378 2965 457 3027 Hujus
475 2962 539 3012 enim
557 2962 739 3014 existimationis
752 2967 885 3012 auctorest
899 2962 1039 3026 onuphrius
1055 2963 1194 3015 Panvinius.
1209 2966 1238 3015 V.
1259 2963 1366 3030 Platiae,
1474 2935 1475 2974 ³

303 3044 340 3092 De
352 3044 419 3093 Vitis
432 3043 586 3107 pontificum
602 3043 781 3092 Romanorum.
793 3041 901 3106 [Colonia
914 3042 1063 3108 Agrippina,
1082 3043 1240 3108 MDCXXVi,
1261 3059 1285 3110 p.
1306 3047 1365 3096 1511.

302 3121 341 3173 Ci.
358 3123 492 3186 Duchesne,
506 3137 545 3187 op.
558 3123 611 3186 cit,
622 3137 649 3187 p.
663 3124 689 3173 2.

312 3256 315 3264 ,
332 3208 356 3254 2.
369 3203 395 3252 id
409 3209 445 3252 est
457 3202 530 3252 codex
542 3203 711 3266 Neapolitanus
721 3203 765 3264 tv,
775 3203 805 3264 d,
820 3207 834 3253 8
851 3201 884 3266 (v.
899 3192 978 3265 Perta,
993 3201 1095 3266 Archiv,
1109 3209 1129 3253 t.
1147 3204 1175 3268 V,
1186 3219 1211 3269 p.
1223 3208 1253 3256 00
1261 3219 1270 3268 ;
1286 3204 1365 3256 oeth-

302 3296 386 3345 mann,
398 3281 466 3344 ibid,
481 3288 502 3334 t.
516 3283 571 3343 xit,
586 3298 611 3348 p.
622 3286 681 3343 5153
692 3282 829 3344 Duchesne‚
842 3295 883 3346 op.
898 3281 952 3345 cit,
966 3296 989 3345 p.
1001 3285 1052 3343 61).

293 3367 296 3385 “
333 3369 360 3415 3.
383 3363 415 3413 iii
434 3367 491 3412 sunt
508 3362 560 3412 cod.
581 3360 711 3426 Lepdensia
729 3362 862 3412 Vossianus
879 3367 910 3412 oo
926 3361 1071 3427 (huchesne‚
1088 3378 1128 3428 op.
1147 3363 1201 3428 cit„
1227 3378 1252 3429 p.
1275 3367 1315 3428 6³)
1338 3371 1367 3416 et

291 3443 430 3504 ,Luccenais
444 3446 489 3496 too
502 3441 589 3508 (ibid,
601 3457 625 3508 p.
639 3443 690 3506 u).

333 3527 357 3575 t.
373 3525 407 3575 m
418 3523 457 3573 hie
466 3523 524 3573 locis
536 3521 616 3586 plures
626 3521 683 3573 olim
702 3521 818 3572 indicavit
832 3523 911 3572 Emm.
928 3521 1090 3574 schelestrate
1105 3523 1130 3574 in
1143 3538 1187 3575 sua
1200 3524 1367 3586 disputatione

291 3599 340 3655 ¹De
353 3605 464 3668 anta‘qut's
475 3604 641 3654 bononorum
651 3602 797 3668 pontificum
810 3601 935 3666 catalecta
945 3603 994 3667 (ap.
1006 3597 1098 3666 asiano,
1113 3604 1145 3654 P.
1155 3605 1194 3666 1..,
1208 3610 1227 3654 t.
1240 3604 1365 3671 cxxvii,
1473 3627 1474 3636 ¹

292 3700 329 3760 ip.
356 3683 482 3748 too-auo).
504 3682 563 3734 Vide
585 3682 669 3746 etiam,
694 3682 758 3732 inter
771 3681 827 3744 alia,
843 3697 898 3748 quae
911 3683 942 3736 G.
960 3683 1041 3734 Waitz
1057 3683 1180 3734 adnotavit
1197 3683 1367 3736 initieturiam

303 3765 370 3818 Pauli
389 3764 488 3816 Diaconi
509 3763 678 3828 (Monumenta
702 3762 844 3813 Gemoniis
859 3763 987 3826 historica,
1009 3763 1084 3825 in-to,
1100 3763 1192 3828 Script.
1207 3778 1257 3815 rer.
1273 3765 1366 3830 bouq..

303 3860 328 3911 p.
337 3847 366 3897 ts
378 3845 453 3910 aqu).
461 3846 490 3896 L.
502 3842 628 3895 Duchesne
637 3842 773 3907 nuperrime
783 3841 887 3892 ostendit
897 3843 996 3894 Librum
1007 3842 1367 3908 pontificalemjamsecuiow,

302 3925 395 3975 venisse
409 3925 433 3974 in
447 3937 534 3973 manus
548 3922 655 3984 Gregorii
668 3922 814 3972 Turonensis
832 3922 947 3988 episcopi.
976 3923 1007 3973 V.
1025 3923 1057 3972 Le
1072 3921 1145 3973 Liber
1160 3922 1316 3988 pontificalis
1333 3939 1367 3975 en

304 4003 385 4074 Gaulo
398 4019 431 4054 au
444 4014 485 4055 v1·
495 4003 579 4066 etich,
588 4001 675 4054 extruit
688 4001 731 4052 des
744 4001 874 4065 Metunyes
885 4000 1072 4066 d'orchtotopie
1085 4005 1110 4053 et
1124 4001 1259 4053 d'histoi're
1269 4003 1368 4068 publids

296 4071 446 4149 'par'l'iicole
455 4071 573 4146 iranpaise
582 4082 612 4133 de
621 4081 695 4132 Rome
702 4096 711 4144 3
726 4080 810 4141 Rome,
825 4083 895 4131 1882.

334 4165 357 4214 5.
371 4165 403 4214 V.
416 4163 552 4228 Ducheme,
569 4148 654 4214 diade
667 4177 711 4212 sur
722 4161 747 4210 Ie
756 4159 829 4211 Liber
839 4160 1005 4226 pontificalis,
1020 4175 1044 4224 p.
1057 4161 1096 4212 28.

332 4246 357 4294 6.
371 4241 446 4306 ibid,
462 4259 485 4308 p.
498 4245 543 4294 2θῦ
553 4259 609 4309 sqq.

332 4325 356 4376 t.
373 4321 445 4382 thid..
458 4337 482 4388 p.
498 4325 552 4388 aot,
566 4326 620 4375 208.
