2954 5050
455 405 620 456 Plautus
641 405 884 458 osrunutrbb
1154 409 1199 459 ¹75

128 555 227 622 falsas
242 553 376 641 quidem
391 549 566 623 decretales
583 554 780 642 generaliter
793 555 931 641 laudari,
943 555 1087 644 suaderi,
1102 577 1200 625 usur·

128 679 223 757 potas
248 689 333 757 saepe
365 669 523 758 reperiri,
561 669 602 738 iis
640 679 750 738 tamen
783 672 970 758 spuriorum
1001 671 1199 759 scriptorum

128 785 290 873 excerptis
314 784 396 851 nibil
421 785 616 852 nominatim
637 785 795 873 pretendi
817 786 881 854 uisi
894 795 1059 854 certorum
1077 807 1198 855 mouu-

128 911 320 968 mentorum
340 901 578 969 auctoritatem.
595 899 705 969 Habes
722 901 824 988 igitur
841 921 930 970 nunc
946 901 1199 970 Anastasianam

129 1027 285 1084 artemon
301 1025 369 1084 toto
381 1016 556 1102 detectam,
569 1036 628 1084 cur
644 1016 718 1102 iste,
730 1017 757 1084 si
771 1016 902 1104 quando
917 1015 1039 1106 aliquid
1053 1016 1200 1086 Pseudo·

128 1132 352 1200 Isidorionum
367 1131 514 1219 protulit,
536 1117 568 1198 id
587 1131 675 1199 unde
690 1132 877 1200 hauriretur
889 1131 1099 1201 solertissime
1112 1135 1199 1202 cela·

129 1247 227 1334 verit,
246 1267 370 1334 curque
390 1265 480 1315 verus
504 1256 689 1316 constanter
705 1247 912 1336 appellaverit
935 1248 1124 1337 decretales
1141 1249 1198 1318 sed

128 1383 185 1430 eas
206 1362 248 1430 ad
267 1381 402 1430 sensum
415 1361 777 1431 Pseudo-Isidorianum
790 1362 1025 1450 detorquendo,
1036 1363 1198 1452 salsasque

127 1478 217 1546 veris
231 1478 326 1546 tacite
342 1477 578 1546 interserendo.
603 1477 672 1546 Hac
691 1479 781 1547 enim
801 1478 919 1566 agendi
942 1479 1080 1568 ratione,
1096 1481 1202 1569 quid-v

126 1593 211 1680 quid
236 1595 270 1660 in
297 1593 491 1662 commentis
528 1593 862 1664 Pseudo-Isidorianis
891 1595 1074 1664 auctoritati
1109 1595 1196 1664 sedis

127 1709 311 1797 apostolicae
332 1709 510 1796 prodesset,
525 1711 585 1778 boc
608 1718 640 1778 et
656 1710 829 1778 Anastasio
849 1711 991 1779 retinere
1010 1711 1140 1798 licebat,
1162 1721 1197 1780 et

128 1825 290 1913 episcopis
300 1823 479 1893 Galliarum
491 1826 598 1893 omnis
612 1824 785 1894 obediendi
798 1825 1006 1894 auferebatur
1016 1825 1193 1895 excusatio.

179 1940 219 2007 Et
244 1960 318 2008 vero
338 1940 367 2008 is
393 1941 429 2007 ad
451 1941 556 2009 exitus
577 1949 701 2029 optatos
716 1939 848 2008 tandem
864 1950 1031 2027 pervectus
1046 1951 1108 2026 est,
1124 1962 1191 2009 non

128 2054 219 2143 quod
246 2055 445 2124 Hincmarus
476 2055 596 2143 aliique
624 2054 805 2123 Galliarum
832 2057 1005 2143 praesules,
1039 2055 1126 2124 idern
1154 2057 1191 2123 in

130 2170 347 2238 decretalibus
361 2169 551 2239 Isidorianis
570 2185 602 2239 et
620 2171 655 2238 in
678 2170 821 2258 epistolis
841 2170 1008 2239 canonicis
1031 2179 1190 2238 statutum

129 2306 203 2354 esse
217 2285 439 2372 admiserint¹,
457 2295 513 2354 aut
526 2285 780 2354 existimaverint
794 2286 922 2355 decreta
938 2287 992 2354 illa
1008 2287 1190 2374 priscorum

129 2422 289 2489 paparum
308 2401 454 2488 vigorem
472 2402 554 2488 legis
575 2401 761 2489 retinuisse,
787 2401 855 2489 sed,
880 2402 1002 2490 experti
1027 2413 1189 2490 quantum

128 2518 197 2584 haec
209 2517 324 2604 placita
333 2516 466 2584 Nicolao
480 2526 572 2603 grata
581 2527 701 2604 essent,
713 2527 809 2603 atque
819 2537 905 2605 aegre
918 2516 1058 2586 serentes
1074 2518 1193 2606 sapius

128 2632 169 2699 de
185 2632 246 2699 hoc
263 2651 298 2700 re
315 2631 470 2718 lacessiri,
488 2632 513 2700 ii
527 2631 668 2721 episcopi
682 2653 770 2700 anno
782 2634 844 2700 867
859 2632 1062 2700 Tricassibus
1081 2633 1116 2700 in
1136 2655 1195 2720 sy-

129 2747 253 2815 nodum
262 2749 464 2835 ocngregati,
478 2768 647 2817 summum
659 2747 845 2836 pontificem
855 2769 915 2816 sua
930 2758 1044 2835 sponte
1057 2767 1194 2833 rogave·

129 2870 208 2930 runt
234 2871 271 2930 ut
294 2863 446 2950 antiquas
468 2863 643 2932 decretales
664 2874 845 2951 renovaret,
866 2883 1046 2951 earumque
1061 2872 1193 2931 secutus

129 2979 315 3064 exemplum
347 2978 416 3067 ipso
443 2977 610 3048 decretum
640 2977 827 3048 faceretne
859 2979 934 3068 quis
971 2977 1088 3048 deinde
1121 2977 1194 3066 epi·

129 3112 247 3179 scopus
261 3092 387 3181 injussu
403 3093 544 3163 Romani
557 3094 718 3183 pontificis
731 3092 934 3181 judicaretur
947 3092 972 3161 ².

171 3207 269 3275 Parvi
284 3218 395 3276 autem
409 3209 544 3278 interest
552 3209 632 3298 quid
644 3210 836 3278 Anastasius
849 3210 889 3278 de
904 3210 1032 3298 scriptis
1047 3209 1193 3279 Pseudo-

127 3323 319 3392 lsidorianis
337 3325 453 3393 intima
468 3335 578 3394 mente
595 3325 746 3412 senserit,
762 3346 803 3392 au
823 3324 919 3394 salsas
938 3324 1112 3394 decretales
1132 3345 1193 3412 pro

126 3440 1192 3529 sincerisvorisqueingenuehabuerit;quanquaminillobomine

159 3612 182 3658 l.
201 3607 346 3657 Hincmarus
355 3607 418 3656 enim
433 3613 515 3672 postea
524 3613 549 3658 et
561 3607 687 3673 epistolam
700 3607 831 3658 innocentii
843 3606 872 3656 ad
882 3607 1025 3657 victricium
1038 3613 1062 3657 et
1077 3620 1191 3656 canonem

127 3701 219 3738 nonum
238 3687 331 3738 concilii
351 3687 549 3738 Chalcedonensis
567 3688 618 3753 ipso
635 3687 803 3752 interpretatus
822 3694 867 3752 est,
880 3688 952 3753 idque
973 3687 1043 3737 aliter
1064 3690 1192 3747 coegerat

126 3767 317 3819 Arrastasius.V.
326 3768 450 3818 Hincmari
462 3770 550 3833 Opusc.
564 3769 704 3833 meapte,
717 3783 738 3818 c.
750 3780 813 3819 xxvi
826 3770 927 3834 (bligne,
938 3773 956 3817 t.
967 3768 1076 3829 CXXVl,
1087 3782 1111 3832 p.
1124 3767 1191 3829 too).

156 3851 181 3898 2.
199 3867 253 3896 a...
269 3845 342 3897 vestri
363 3847 506 3912 apostolatus
531 3863 656 3898 exoramus
676 3848 830 3910 magnificam
852 3847 1038 3909 beatitudinem,
1059 3881 1107 3894 .....
1125 3860 1192 3894 moro

127 3928 486 3994 predecessorum'vestrorum‚
497 3943 550 3993 quse
563 3928 594 3977 de
608 3934 670 3978 statu
686 3929 746 3978 sacri
757 3927 900 3994 pontificalis
910 3926 999 3977 ordinis
1014 3926 1044 3975 ab
1056 3925 1090 3976 eis
1102 3931 1192 3975 statuta

127 4015 152 4058 et
162 4007 368 4072 inpraevaricabili
378 4009 516 4059 auctoritate
530 4009 625 4058 firmata
639 4014 703 4067 sunt,
717 4015 745 4058 ut
758 4009 856 4058 immota
868 4009 898 4058 dc
910 4013 988 4056 cetero
1000 4012 1121 4069 maneant,
1136 4020 1191 4055 mu·

126 4103 197 4138 crone
213 4086 342 4152 apostolico
364 4103 568 4153 quorumcumque
588 4088 824 4154 metropolitanorum
854 4087 980 4137 temerarie
1009 4086 1192 4150 presumptione

127 4183 262 4233 suppressa,
282 4167 438 4233 quinetiam,
458 4167 602 4232 reliquorum
624 4169 787 4234 episcoporum
810 4181 1016 4232 quorumcumque
1034 4182 1077 4217 seu
1089 4172 1191 4232 quanto·
1267 4149 1271 4168 ⁶

127 4263 283 4313 rumournque
298 4248 382 4297 audaci
395 4249 543 4298 conniventia
557 4249 651 4314 penitus
668 4253 796 4310 summota,
809 4247 935 4310 privilegia
950 4252 975 4301 ct
993 4247 1088 4299 decreta
1102 4247 1189 4297 servari
