3006 5050
261 487 293 537 98
356 485 404 536 ult
423 483 592 536 nlootto
613 481 710 534 etet
730 482 742 534 1
762 481 933 541 ntusottu
954 480 1235 538 rnuttttntssus

263 625 414 696 meliores
424 647 484 694 nec
496 626 650 694 firmioris
663 625 738 693 fidei
748 627 771 712 ¹,
788 634 844 693 aut
857 645 1070 712 quaecumque
1084 623 1181 692 fuerit
1195 623 1257 692 alia
1272 645 1330 693 ex·

263 743 399 828 cusatio,
429 762 494 808 non
521 743 581 809 boo
603 762 663 829 ego
690 743 823 809 moleste
848 739 964 827 feram,
995 741 1184 826 gratulabor
1207 741 1330 828 magis,

263 858 369 945 sitque
394 855 470 924 talia
497 857 636 924 tentanti
664 855 807 924 faustum
832 856 1023 941 bonumque
1047 863 1079 921 et
1108 853 1197 941 felix,
1219 854 1331 923 dicam

262 970 479 1041 libentissime
496 992 505 1040 ε
523 972 752 1040 tantummodo
766 970 799 1038 id
812 971 1112 1057 mihiconcedatur,
1130 970 1217 1056 quod
1231 971 1331 1039 unice

263 1086 373 1156 animo
394 1087 561 1175 proposui,
585 1086 626 1155 iis
653 1086 774 1154 scilicet
795 1085 872 1155 viris
900 1086 957 1173 qui
982 1094 1077 1154 antea
1101 1085 1137 1152 in
1168 1085 1331 1154 seditione

262 1201 479 1272 Anastasiana
518 1202 681 1290 principes
716 1200 863 1289 lucrant,
906 1222 943 1270 ao
979 1201 1121 1270 maxime
1161 1201 1331 1268 Anastasii

261 1316 401 1406 parenti,
416 1316 507 1386 datos
522 1337 592 1386 esse
606 1337 625 1386 a
638 1316 770 1385 Nicolao
784 1316 799 1384 Ι
814 1317 1030 1404 amplissimos
1044 1318 1183 1384 honores
1197 1316 1329 1403 gravis-

261 1432 425 1520 simasque
436 1433 631 1520 provincias,
654 1453 703 1520 ao,
723 1453 915 1521 quanquam
929 1431 1028 1499 tantis
1042 1431 1237 1499 muneribus
1259 1452 1329 1499 non

261 1550 341 1624 adeo
353 1550 446 1638 digni
462 1551 648 1619 viderentur
671 1531 731 1618 nec
754 1551 855 1618 semel
871 1550 965 1617 abusi
978 1549 1056 1637 sint,
1072 1548 1145 1618 illos
1163 1558 1275 1617 tamen
1289 1549 1327 1616 in

260 1664 365 1734 lavore
385 1665 547 1753 pontificis
568 1664 637 1753 diu,
655 1686 695 1734 ne
712 1664 819 1734 dicam
837 1663 973 1750 diutius,
990 1684 1236 1752 perseverasse;
1255 1663 1328 1751 ejus

260 1790 371 1848 autem
381 1779 519 1850 fortunae
528 1780 627 1850 fuisse
642 1780 669 1849 si
684 1801 750 1848 non
764 1801 897 1848 causam
911 1788 1026 1864 totam,
1038 1787 1070 1846 at
1084 1788 1171 1847 certe
1182 1780 1328 1866 primam

261 1895 436 1983 originem,
450 1896 538 1984 quod
552 1905 660 1984 partes
674 1894 892 1983 imperatoris,
909 1893 1049 1962 Arsenio
1060 1893 1214 1962 Hortensi
1229 1895 1328 1982 duce,

260 2005 383 2079 Nicolai
398 2008 438 2074 ad
455 2027 623 2076 summum
638 2005 864 2095 pontificatum
881 2005 1036 2074 efferendi
1050 2025 1198 2074 suasores
1212 2016 1329 2074 aucto-

260 2142 376 2212 resque
392 2121 532 2191 fuerant.

303 2237 445 2324 Quibus,
477 2247 512 2304 ut
532 2235 661 2325 opinor,
688 2235 872 2324 exploratis,
893 2256 1026 2323 possum
1044 2233 1115 2323 jam
1138 2255 1215 2304 cum
1237 2236 1329 2305 hona

258 2371 336 2437 pace
357 2351 398 2419 ad
421 2351 531 2438 ipsum
545 2352 757 2420 Anastasium
777 2351 940 2420 accedere.
962 2348 1069 2430 Quam
1081 2349 1224 2437 gratiam
1238 2352 1328 2440 apud
1361 2383 1366 2390 ·

258 2464 428 2532 Nicolaum
441 2463 457 2531 I
469 2464 652 2558 obtinuerit
662 2465 961 2533 excommunicatus
980 2465 1033 2533 ille
1047 2467 1196 2552 maleque
1214 2475 1326 2534 muta·

258 2590 312 2649 tus
334 2581 515 2669 presbyter,
539 2591 571 2650 et
591 2582 631 2648 ad
651 2583 738 2668 quod
756 2602 854 2668 grave
872 2581 1094 2650 ministerium
1113 2580 1212 2649 luerit
1232 2581 1333 2658 adhi·,

258 2695 360 2785 bitus,
376 2717 535 2785 exponere
549 2717 637 2764 nnnc
648 2697 733 2785 licet,
747 2697 828 2784 quin
842 2697 884 2765 ob
899 2717 971 2765 eam
988 2717 1121 2765 causam
1134 2697 1327 2783 pontificem

257 2811 356 2900 hujus
371 2814 473 2882 aetatis
487 2812 704 2882 clarissimum
717 2813 896 2882 obtrectare
910 2812 1168 2899 calumniarique
1186 2832 1322 2899 arguar.

258 2926 293 2996 Si
313 2950 376 3016 qua
405 2929 503 2998 etiam
526 2928 733 3014 Anastasius,
751 2928 787 2995 in
806 2947 944 2996 munere
958 2926 1123 3013 obeundo,
1147 2925 1327 2996 infideliter

258 3044 492 3132 perfidioseqoc
507 3043 594 3130 fecit,
611 3044 678 3112 haec
695 3053 766 3112 tuto
776 3042 979 3131 patefaciam,
994 3062 1054 3110 nec
1067 3040 1133 3130 jam
1148 3041 1323 3130 quisquam

258 3177 402 3225 errorem
412 3159 572 3245 pontilicis
584 3168 639 3227 aut
653 3160 859 3227 tolerantiam
869 3166 1037 3245 tantopere
1047 3157 1233 3226 mirabitur.
1246 3157 1326 3226 Fuit

257 3273 346 3339 enim
373 3273 426 3340 ille
451 3282 593 3358 paternae
626 3272 764 3342 fortunat
785 3274 904 3360 soeiuS,
929 3293 967 3342 eo
992 3273 1182 3360 interposito
1204 3272 1322 3340 discri-

257 3387 359 3474 mine,
371 3386 470 3475 quod,
485 3396 522 3455 ut
537 3396 606 3455 erat
618 3388 822 3475 prudentior,
838 3388 866 3456 si
882 3409 948 3456 nou
963 3388 1091 3475 melior,
1105 3389 1151 3455 sic
1166 3387 1292 3456 Nicolai
1307 3386 1323 3454 1

256 3505 388 3574 illesam
406 3502 583 3571 amicitiam
602 3503 643 3571 ad
664 3514 845 3573 extremum
859 3503 1032 3572 retinuisse
1049 3503 1136 3572 visus
1151 3511 1211 3572 est.

288 3729 313 3776 l.
330 3726 364 3775 Ex
378 3723 406 3773 ils
417 3739 471 3789 qua
485 3723 577 3773 narrari
593 3723 616 3773 in
631 3725 751 3776 Formoso
772 3739 835 3790 meo,
851 3723 928 3788 proles
944 3724 985 3774 illa
1003 3726 1162 3775 Romanorum
1176 3725 1228 3787 jam
1248 3722 1324 3774 terrea

256 3804 302 3854 dici
319 3811 405 3869 potest.
