2954 5050
486 422 648 476 stitutus
669 421 911 474 osruuutruu
1183 421 1228 472 201

164 590 237 658 rus,
257 570 345 637 nulla
368 568 493 638 ratione
510 568 618 636 habits
637 567 783 655 ipsorum
805 564 996 653 testimonii,
1012 563 1136 634 fraudis
1160 574 1228 632 tam

163 686 331 755 immerito
341 685 564 772 accusabatur,
577 683 675 752 iidem
686 681 825 770 episcopi
836 681 871 749 in
880 680 998 750 urbem
1008 680 1228 750 Tricassinam

164 801 421 890 convenerunt¹,
434 800 546 889 ibique
557 797 640 867 lacta
650 799 781 888 epistola
794 795 924 866 Nicolao
939 817 1053 864 rursus
1066 797 1230 883 significa-

163 926 245 984 runt
258 926 290 985 et
303 919 431 987 chartas
445 916 689 1005 privilegiorum
704 914 905 982 authenticas
919 912 982 982 sibi
995 912 1036 981 ab
1051 912 1229 982 Hinomaro

165 1031 324 1101 exhibitas
339 1031 450 1121 luisse,
467 1040 542 1100 etse
553 1032 589 1099 in
599 1031 646 1098 eis
658 1029 859 1098 mentionem
871 1028 911 1097 de
930 1051 947 1094 n
958 1030 1044 1097 salvo
1055 1028 1132 1117 jure
1144 1030 1230 1099 sedis

163 1149 323 1218 Romanae
336 1174 352 1216 n
371 1149 546 1237 invenisse,
563 1149 665 1218 immo
680 1168 755 1216 vero
770 1151 856 1217 banc
868 1168 937 1217 esse
949 1167 1082 1216 causam
1094 1169 1154 1217 cur
1166 1147 1229 1237 ipsi

164 1263 359 1335 Wuliadum
368 1265 540 1335 restituere
551 1262 761 1333 noluissentl.
775 1262 836 1332 Cui
846 1263 1061 1333 testificationi
1077 1263 1231 1354 eomojor

164 1391 236 1452 erat
249 1383 367 1452 veritas
386 1403 423 1451 aa
440 1381 488 1450 vis
510 1379 596 1469 quod
618 1391 688 1449 tum
713 1379 847 1449 Carolus
870 1379 985 1448 Calvus
1003 1380 1135 1450 eosdem
1159 1381 1230 1450 illos

164 1498 331 1587 episcopos
345 1497 385 1566 ad
399 1497 570 1565 Hincmari
585 1497 764 1585 perniciem
778 1495 949 1565 sollicitare
965 1496 1135 1565 videbatur
1145 1498 1170 1566 ³.

211 1613 298 1701 Ergo
322 1615 358 1682 in
383 1614 443 1682 baa
465 1612 599 1701 quidem
621 1621 713 1702 parte
740 1610 971 1700 Anastasium,
1000 1611 1026 1680 si
1051 1632 1118 1680 non
1135 1631 1231 1681 men-

164 1727 285 1819 dacii⁴,
307 1739 341 1799 at
362 1730 476 1798 saltem
506 1727 624 1797 erroris
646 1727 857 1797 manifestum
881 1737 1051 1817 tenemus;
1071 1729 1129 1816 qui
1149 1751 1230 1797 num

197 1973 223 2022 t.
239 1979 288 2020 vni
304 1967 417 2020 kalendas
436 1967 577 2019 Nouembris
590 1968 646 2018 anni
660 1969 715 2020 867.
733 1968 762 2018 V.
782 1966 870 2026 Celsti,
890 1973 909 2018 t.
930 1969 962 2033 X,
981 1982 1006 2033 p.
1026 1969 1087 2028 biit
1108 1968 1231 2020 Hincmari

164 2049 276 2104 Annates
289 2065 312 2101 a.
327 2051 373 2101 861
389 2051 478 2114 (Porta,
493 2050 551 2114 SS.,
566 2051 586 2114 l,
599 2049 665 2114 lib).

197 2138 222 2185 2.
241 2150 295 2185 a...
309 2134 360 2184 sins
374 2132 561 2185 contradictione
577 2133 602 2184 in
617 2133 667 2184 suis
684 2132 806 2183 ordinibus
824 2133 950 2184 restituere
966 2131 1118 2197 (Wuliadum
1132 2135 1232 2199 ejusque

164 2215 281 2277 collegas)
299 2220 484 2274 maturaremus,
499 2213 546 2262 nisi
562 2213 696 2279 privilegiis
710 2219 796 2263 sanctae
808 2215 923 2264 Romanu
937 2212 999 2263 sedis
1016 2229 1059 2276 per
1074 2214 1231 2264 reverendum

163 2295 311 2346 confratrem
323 2301 431 2346 ossuum
452 2295 609 2346 Hincmarum
629 2293 833 2360 archiepiscopum
849 2301 935 2346 nostra
955 2294 1110 2344 unanimitati
1124 2293 1231 2360 prolatis,

164 2374 260 2442 quade
276 2375 333 2440 ipsis
351 2375 409 2426 uiris
428 2375 535 2440 quadam
549 2379 692 2436 statuerunt,
708 2373 790 2424 debita
800 2375 933 2426 reserantis
947 2373 1107 2425 exhiberetur.
1125 2375 1231 2435 Quorum

164 2470 270 2519 summa,
287 2453 403 2520 perlecta,
418 2461 443 2504 et
458 2455 552 2516 integra
565 2453 675 2516 firmitas,
691 2459 717 2503 ut
737 2453 823 2505 clamit
838 2462 863 2505 st
878 2456 972 2519 justum
990 2461 1036 2519 est,
1054 2454 1079 2504 io
1096 2455 1232 2520 apostolica

165 2535 232 2586 sedis
243 2541 364 2585 reservata
376 2541 429 2585 erat
445 2534 544 2585 arbitrio
557 2535 698 2600 potestatis:
715 2549 865 2602 quorumque
882 2535 1064 2602 privilegiorum
1081 2535 1231 2586 authenticas

164 2617 261 2667 chartas
274 2629 330 2664 cum
340 2614 410 2666 salvis
424 2613 509 2677 sigillis
523 2620 548 2665 et
561 2614 703 2680 incorruptis
719 2616 851 2681 scripturis,
865 2616 929 2667 idem
940 2615 1058 2667 confrater
1072 2621 1097 2666 st
1109 2631 1232 2666 consacer-

164 2696 208 2746 dos
222 2700 311 2759 noster,
321 2709 368 2745 non
382 2694 411 2745 ad
425 2695 500 2745 ullam
509 2696 703 2760 controuersiam,
714 2696 756 2745 sed
768 2696 798 2746 ad
812 2696 919 2746 debitam
936 2697 1096 2747 reverentiam
1108 2697 1159 2746 sedi
1172 2712 1231 2761 apo-

163 2776 262 2838 stolica,
278 2781 306 2826 ut
313 2775 415 2836 dignum
427 2781 474 2841 est,
484 2775 643 2826 exhibendam
653 2775 765 2826 ostendit.
776 2795 788 2824 a
804 2776 921 2843 Epistola
931 2777 1053 2841 synodica
1065 2777 1166 2827 concilii
1180 2777 1232 2826 Tri-

163 2855 261 2906 cassini
274 2854 310 2905 ad
324 2855 461 2907 Nicolaum
474 2854 571 2919 (Colati,
584 2860 604 2904 t.
615 2856 647 2919 X,
661 2871 687 2921 p.
702 2854 796 2919 stt-s).

196 2939 220 2987 a.
239 2936 298 2995 Qua
310 2935 454 2986 Hiocmarus
468 2935 492 2985 in
507 2935 557 2985 suis
571 2934 713 2986 Annalibus
727 2935 832 2985 narrarit
845 2935 934 3000 (Perta,
948 2937 966 3000 l,
976 2951 1001 3002 p.
1015 2935 1071 3001 475)
1086 2936 1230 2987 coniercum

141 3055 143 3058 .
162 3015 263 3081 epistola
276 3015 355 3066 Caroli
368 3015 434 3066 Calui
448 3015 478 3066 sd
494 3015 618 3066 Nicolaum
632 3016 721 3080 scripta
734 3029 795 3065 anno
809 3016 853 3066 bbl
868 3016 962 3082 (boleti,
977 3023 997 3067 t.
1011 3017 1043 3080 X,
1056 3031 1082 3082 p.
1094 3018 1161 3076 382).

194 3099 218 3148 l.
233 3094 346 3146 Nonnulli
363 3097 427 3146 enim
444 3096 613 3147 existimabunt
626 3096 704 3161 ipsum
716 3096 870 3147 anastasium
886 3112 901 3147 a
914 3096 1032 3148 Wuliado
1047 3099 1148 3162 ejusque
1162 3097 1232 3147 sociis

163 3177 292 3241 deceptum
309 3176 396 3241 tuisse,
410 3177 451 3242 qui
465 3177 564 3227 tortasse
574 3179 689 3239 Romam,
702 3182 816 3241 tanquam
830 3176 861 3226 ab
874 3177 1004 3228 Hincmaro
1021 3179 1130 3228 confecta
1148 3193 1176 3228 ac
1189 3192 1232 3244 par

166 3256 256 3308 Gallias
269 3256 378 3319 vulgata,
393 3256 526 3308 adulterata
542 3259 651 3323 quasdam
662 3257 784 3308 Benedicti
797 3257 922 3322 privilegis
938 3258 1069 3309 misissent.
1085 3261 1120 3309 Re
1134 3259 1232 3324 quidem

164 3352 221 3386 uera
244 3338 345 3387 istorum
368 3337 473 3388 Ebboois
498 3338 639 3389 clericorum
666 3352 696 3387 ac
719 3337 890 3387 monachorum
915 3337 1008 3403 sliquos
1032 3338 1139 3388 falsarios
1158 3339 1232 3387 luisse

162 3423 265 3468 constat.
286 3419 349 3467 Nam
354 3453 363 3480 ,
384 3424 412 3467 ut
430 3418 561 3468 decretales
581 3417 832 3468 Pseudo-Isidorianas
850 3419 975 3480 omittam,
991 3434 1051 3484 quas
1064 3423 1133 3468 natas
1147 3418 1171 3466 io
1186 3419 1231 3467 boc

160 3496 220 3552 ,nido
237 3497 395 3548 vehementer
409 3498 526 3562 suspicor,
541 3497 616 3547 iidem
630 3503 696 3548 certe
709 3497 789 3548 clerici
801 3497 893 3548 litteras
910 3499 1051 3564 apostolicas
1069 3497 1179 3560 Gregorii
1197 3499 1231 3548 1v

165 3577 263 3627 nomine
281 3577 407 3642 finxerant,
425 3593 484 3644 quas
498 3577 604 3644 primum
621 3578 647 3628 in
663 3577 761 3628 concilio
775 3579 917 3645 'tricassina
935 3594 998 3630 anno
1013 3582 1067 3642 sat,
1082 3585 1137 3628 ante
1153 3576 1233 3627 oculos

163 3657 330 3723 episcoporum
340 3667 477 3722 poscemus.
491 3658 533 3721 (V.
547 3658 670 3710 lliocmari
680 3658 764 3723 Epist.
775 3659 812 3710 ad
821 3661 986 3711 Anastasianas
998 3658 1128 3720 abbatem,
1139 3659 1232 3720 Nigne,

164 3742 183 3788 t.
192 3738 304 3800 CXXVI,
315 3752 340 3801 p.
351 3740 406 3798 25η
416 3739 556 3788 'tricassina
565 3737 649 3803 synodi
660 3739 743 3803 Epist.
751 3739 843 3804 synod.
853 3741 891 3791 ad
901 3738 1034 3791 Nicolaum
1043 3741 1065 3802 l,
1076 3737 1160 3802 (toleti,
1171 3743 1190 3787 t.
1201 3739 1232 3803 X,

165 3833 190 3882 p.
206 3820 262 3867 stt.
278 3818 329 3866 ilas
341 3824 423 3868 sutem
435 3819 546 3881 Gregorii
564 3821 600 3870 tv
613 3818 705 3868 litteras
718 3819 809 3884 spurias
822 3835 874 3871 essa
885 3819 1029 3884 jamdudum
1041 3818 1168 3884 probatum
1181 3824 1232 3873 est:

164 3911 187 3949 r.
200 3896 338 3962 Dbmmler‚
357 3898 446 3948 Gescb.
467 3898 493 3949 d.
512 3899 587 3963 ostll.
607 3897 703 3960 liciole,
718 3905 738 3949 t.
755 3901 776 3963 l,
791 3914 817 3965 p.
834 3903 890 3964 242,
908 3915 934 3949 n.
954 3901 999 3962 313
1020 3899 1091 3962 latis,
1112 3913 1136 3948 n.
1149 3898 1232 3962 2583.)

164 3979 246 4040 Atque
258 3975 288 4026 ad
302 3977 413 4028 eamdem
424 3978 533 4028 fraudent
542 3979 661 4042 pertinere
674 3979 768 4029 ridetur
779 3979 819 4029 illa
829 3979 953 4030 Narratio
963 3979 1110 4029 clericorum
1123 3977 1233 4028 Ebbonis

165 4056 198 4118 (a.
219 4057 338 4121 bouquet,
354 4058 497 4108 Historiam
511 4059 555 4109 des
570 4059 672 4122 Gaulos,
689 4064 708 4109 t.
723 4059 778 4124 Vll,
790 4074 815 4123 p.
828 4059 948 4122 art-281),
963 4073 1036 4124 quum
1052 4073 1098 4120 ego
1112 4059 1233 4108 existima-

164 4136 242 4185 verim
255 4137 286 4186 ab
298 4137 327 4186 iis
339 4137 448 4203 falsariis,
461 4154 504 4204 per
517 4139 580 4188 idem
592 4145 697 4204 tempus,
713 4139 757 4188 boc
769 4139 882 4203 scriptam
892 4153 945 4189 esse
955 4139 1054 4188 consilio
1067 4154 1114 4204 quo
1126 4140 1232 4204 ipsorum

166 4216 251 4280 petitio
269 4216 392 4268 videratur
412 4217 540 4284 antiquior.
557 4220 589 4270 ln
606 4219 747 4270 Anastasius
768 4219 820 4267 istis
842 4233 889 4269 non
904 4225 954 4270 tam
975 4219 1087 4270 credulus
1101 4219 1147 4270 luit
1160 4234 1232 4285 qnam

166 4295 276 4346 emulus.
