2944 5060
264 451 312 502 296
629 447 823 498 ΑΡΡΕΝΜΧ
848 445 963 498 PRIOR

265 592 430 660 concilium,
458 590 537 664 quod
556 591 603 646 XV
623 591 829 662 congregaturi
850 606 949 646 snmus
970 589 1018 646 die
1033 589 1203 646 Novembris
1227 607 1330 664 expec-

263 687 333 740 tatae
353 681 458 737 futurae
485 679 618 736 secunde
638 679 815 750 indictionis,
838 683 1015 753 prasentare
1046 682 1076 736 te
1098 679 1181 736 omui
1199 679 1331 752 deposita

266 771 415 830 occasione
435 785 586 842 procures;
607 772 640 824 ut
659 785 778 826 causam
795 773 877 826 biam
902 769 933 825 iu
951 769 1107 826 venerabili
1128 771 1206 826 coetu
1224 773 1330 826 sauctae

266 863 415 918 valeamus
432 857 668 930 congregationis
694 858 792 914 subtili
812 858 953 914 ventilare
980 858 1096 931 iutuitu,
1117 861 1148 915 et
1174 859 1332 916 humanius

265 955 348 1006 tuam
366 947 588 1006 conversionem
609 950 747 1004 metare.
761 948 792 1004 Si
812 951 911 1004 numm
924 948 1085 1020 neglexeris
1104 948 1182 1023 quod
1198 948 1331 1022 preacipi-

265 1057 341 1108 mm,
354 1037 488 1111 ampliori
497 1041 527 1094 te
537 1038 651 1094 vinculo
663 1037 847 1094 innodamus.
855 1038 928 1093 Nam
938 1037 1177 1094 etmultismodis
1189 1041 1220 1094 te
1232 1054 1331 1111 repre·
1451 1015 1452 1062 Ὗ

265 1129 435 1195 hendimus,
465 1145 499 1184 ac
516 1127 773 1199 reprehensibilem
788 1126 970 1199 judicamus;
987 1127 1056 1200 quia
1082 1127 1121 1183 ad
1144 1127 1203 1183 duo
1229 1144 1284 1201 pro
1302 1131 1331 1183 te

267 1220 445 1291 congregata
462 1215 584 1272 concilia
601 1231 751 1271 occurrere
767 1214 921 1284 distulisti;
944 1215 1017 1272 sicut
1035 1215 1066 1271 hi
1080 1219 1238 1289 presentes
1251 1217 1332 1274 Nico-

266 1310 338 1374 laus,
354 1306 540 1363 Petronacius
554 1308 641 1378 atque
653 1304 800 1361 lohannes
817 1304 994 1362 venerabiles
1017 1304 1144 1378 episcopi
1162 1305 1265 1374 nostri,
1280 1323 1333 1379 per

267 1399 379 1471 queste
393 1411 471 1451 nunc
493 1393 664 1450 auctoritate
677 1393 819 1451 canoniea
834 1394 973 1467 jussimus
986 1409 1117 1463 evocare,
1141 1410 1193 1450 ore
1213 1396 1331 1468 proprio

267 1484 449 1542 indicabunt.
467 1482 498 1539 Si
512 1486 611 1540 autem
625 1483 778 1539 constituto
793 1487 926 1556 tempore
939 1483 977 1539 ad
991 1481 1163 1556 praedictum
1178 1483 1333 1540 concilium

267 1573 365 1631 venire
390 1572 569 1645 neglexeris,
590 1572 642 1628 sub
665 1572 965 1630 excommunicatione
986 1576 1072 1646 atque
1094 1572 1284 1629 anathemate
1304 1577 1332 1630 te

267 1663 363 1721 modis
378 1663 514 1720 omnibus
528 1661 710 1719 deceruimus
723 1679 785 1718 esse
794 1679 974 1720 mansurum.

304 1753 411 1810 Sancta
433 1752 559 1824 synodus
569 1750 681 1808 interea
699 1751 772 1808 dixit
793 1769 801 1808 ε
824 1752 996 1826 Requiratur
1013 1752 1038 1808 si
1052 1769 1128 1826 saepe
1144 1752 1238 1810 dictus
1256 1757 1334 1810 hna-

269 1843 370 1899 stasius
384 1841 534 1914 presbyter
557 1841 823 1898 excommunicatus
844 1846 943 1898 utrum
963 1841 1053 1910 veuit,
1069 1858 1168 1898 aunon
1180 1842 1335 1916 requisitus

270 1931 392 1988 minime
410 1930 607 1987 estinventus.
622 1931 701 1986 'lunc
714 1931 921 1988 sacratissimus
938 1947 1015 2004 papa
1035 1930 1234 2002 imperialibus
1251 1947 1335 2004 supe-

270 2021 330 2078 rius
341 2022 404 2094 jam
413 2019 498 2076 dictis
507 2019 602 2075 missis
614 2019 704 2076 dixit:
718 2020 776 2076 Gur
784 2020 868 2077 nobis
876 2023 1033 2093 sanctoque
1043 2019 1166 2076 concilio
1177 2020 1335 2077 secuudum

271 2110 455 2184 imperialem
473 2109 625 2182 epistolam
639 2109 703 2181 jam
719 2109 825 2166 dictam
838 2126 898 2166 uon
919 2110 1099 2182 presentatis
1114 2107 1336 2182 presbyterum?

270 2201 327 2273 lpsi
345 2202 445 2256 autem
459 2198 638 2254 affirmantes
660 2197 882 2256 dixerunt:Nos
897 2216 965 2256 eum
985 2199 1144 2256 secuudum
1162 2198 1335 2271 praeceptio-

271 2306 341 2346 nem
353 2287 466 2344 domini
480 2288 640 2361 magnique
651 2287 835 2360 imperatoris
848 2288 998 2355 reducere,
1010 2289 1149 2362 vobisque
1159 2289 1336 2362 presentare
1454 2275 1455 2286 ¹

271 2377 444 2444 maluimus;
466 2375 519 2432 sed
544 2377 665 2434 minime
687 2377 770 2433 illum
793 2377 923 2434 iuvenire
955 2378 1113 2452 potuimus.
1145 2379 1211 2434 llox
1238 2383 1336 2433 autern

272 2468 406 2524 omnihus
420 2465 560 2540 episcopis
579 2466 639 2539 ipse
651 2466 774 2538 insignis
788 2470 817 2522 ot
830 2468 1012 2524 beatissimus
1030 2469 1135 2541 presul
1149 2468 1244 2525 dixit:
1260 2466 1336 2545 Quid

271 2557 352 2614 vobis
376 2556 412 2614 de
433 2554 479 2612 his
501 2555 637 2612 videtur?
662 2557 815 2613 Universus
834 2561 924 2615 coetus
941 2557 1142 2632 episcoporum
1159 2557 1342 2632 responditt

271 2645 444 2720 imperialis,
452 2645 476 2700 si
489 2644 569 2702 vobis
576 2645 680 2718 placet,
687 2645 808 2719 epistola
814 2648 970 2719 relegatur.
979 2649 1015 2703 Et
1023 2663 1090 2704 cum
1102 2648 1211 2704 relecta
1222 2647 1335 2716 fuisset,

272 2736 303 2791 iu
323 2752 359 2792 ea
371 2735 447 2792 inter
468 2738 566 2790 cetera
585 2738 734 2806 repertum
754 2738 799 2791 est
824 2736 865 2792 ita
886 2753 894 2793 ε
916 2738 1022 2793 Vestrae
1037 2737 1161 2811 denique
1174 2737 1337 2794 serenitatis

271 2824 413 2881 industria
426 2826 582 2896 cognoscat
594 2822 630 2880 de
647 2825 798 2881 Anmtasio
810 2826 991 2899 presbytero,
1007 2841 1058 2882 cur
1070 2826 1108 2883 ad
1129 2843 1179 2884 vos
1190 2844 1251 2884 non
1268 2844 1337 2900 per·

271 2914 360 2982 venit,
388 2917 486 2970 nostro
508 2914 577 2969 satis
604 2913 702 2970 animo
728 2913 926 2987 displicuisse;
950 2932 1039 2989 quaro
1071 2933 1147 2972 nuno
1171 2917 1336 2974 carissimos

272 3003 375 3060 missos
388 3005 511 3072 nostros,
520 3004 625 3074 loseph
636 3003 770 3060 videlicet
780 3004 1050 3061 reverendissimum
1058 3004 1238 3078 episcopum,
1248 3010 1335 3080 atque

273 3092 371 3148 dilecti
391 3092 444 3148 tilii
457 3092 548 3148 nostri
567 3092 724 3149 Hludowici
747 3093 1023 3166 archicapellanum,
1036 3111 1151 3151 necnon
1165 3099 1196 3151 et
1218 3098 1335 3152 Petrum

274 3184 380 3237 sauctae
406 3181 482 3236 sedis
508 3181 664 3253 Spoletinae
686 3183 883 3238 venerabitem
910 3183 1086 3256 episcopum,
1113 3187 1143 3240 et
1165 3184 1335 3257 adelgisum

273 3272 413 3327 illustrem
439 3269 577 3326 comitem
596 3274 729 3328 nostrum
750 3271 971 3344 presentialiter
984 3273 1064 3330 vobis
1076 3272 1238 3344 mittimus;
1254 3273 1336 3348 quid·

274 3359 342 3434 quid
362 3359 499 3416 canonice
517 3361 547 3414 et
567 3361 726 3416 secundum
743 3361 836 3418 Deum
859 3378 944 3434 super
961 3362 1011 3419 illo
1026 3365 1121 3418 vestra
1132 3362 1334 3420 deliberaverit

273 3449 425 3517 sententie,
439 3447 511 3504 nihil
523 3449 762 3507 contradicentes.
772 3451 896 3508 'lautum
910 3451 1029 3508 sollicite
1039 3468 1151 3522 cavere,
1164 3469 1199 3508 ac
1210 3451 1337 3525 pmdeu·

272 3543 319 3595 ter
333 3541 458 3594 tractare
480 3543 589 3607 curate,
617 3555 654 3595 ue
677 3539 707 3596 iu
727 3540 783 3596 hoc
809 3540 884 3598 tacto
911 3541 1151 3598 divinavoluutas
1173 3541 1337 3600 otlandahrr

272 3628 301 3684 in
317 3626 425 3700 aliquo.

308 3717 386 3772 Tunc
423 3716 595 3772 venerabilis
626 3733 659 3773 oc
682 3717 842 3791 praecipuos
862 3720 966 3793 presul
992 3718 1126 3776 omnibus
1145 3718 1335 3776 residentibus

274 3803 413 3878 episcopis
427 3808 456 3862 et
466 3805 651 3878 presbyteris,
662 3807 802 3864 stantibus
814 3825 929 3882 quoque
944 3807 1110 3865 diaconibus
1124 3810 1154 3863 et
1163 3807 1245 3864 omni
1259 3810 1333 3864 clero

273 3894 346 3950 dixit
361 3911 369 3951 :
384 3895 406 3952 0
420 3894 581 3951 beatissimi
594 3885 708 3961 tratres,
722 3897 793 3969 quid
807 3901 901 3966 restra
919 3896 1068 3953 beatitudo
1085 3896 1122 3953 de
1141 3897 1244 3954 crebro
1259 3897 1333 3954 dicto

275 3984 452 4057 presbytero,
478 3985 528 4058 qui
549 3988 632 4041 tanta
653 4001 687 4041 ec
707 3985 779 4042 talia
800 3987 958 4044 enormiter
976 3989 1077 4043 contra
1090 3989 1208 4059 patrum
1221 3987 1333 4060 regulas

274 4077 360 4146 atque
385 4075 491 4129 statute
505 4074 638 4148 peregit?
658 4076 723 4132 llox
735 4091 835 4132 omnes
863 4075 989 4150 episcopi
1003 4073 1182 4132 unanimiter
1209 4075 1331 4134 dixere:

275 4161 350 4228 Quid
365 4162 445 4219 aliud
459 4162 593 4220 arbitrari
615 4168 665 4222 aut
682 4165 812 4238 proferre
836 4167 964 4222 valemus
984 4165 1042 4221 nisi
1064 4167 1096 4221 ut
1119 4165 1212 4222 sancti
1228 4171 1331 4240 patres,

275 4251 325 4326 qui
339 4252 520 4310 Antiocheno
541 4254 663 4311 concilio
689 4255 848 4312 residentes
861 4256 948 4312 tertio
963 4255 1088 4328 capitulo
1101 4256 1331 4329 promulgarunt,

274 4342 305 4395 et
332 4339 536 4398 inviolabiliter
560 4347 722 4401 statuerunt
743 4361 751 4399 :
776 4343 885 4418 Siquis
902 4345 1053 4418 presbyter
1072 4343 1244 4417 parochiam
1266 4359 1331 4416 pro·
