2954 5050
258 467 303 515 ula
472 462 690 526 aulsuasn,
716 461 915 514 HADRIANO
941 461 1040 512 ΡΑΡΑ
1061 463 1106 526 ll,

257 607 423 678 Anastasii
446 604 537 676 labor
562 615 594 674 at
617 606 680 675 iter
701 626 778 675 aum
806 627 842 676 re
865 607 927 675 alia
949 606 1039 692 large
1058 619 1324 700 compensatum,

257 745 364 813 neque
389 725 450 792 iste
477 723 548 791 sina
570 743 665 791 causa
679 722 841 811 professus
858 733 907 792 est
920 722 985 792 sibi
1004 723 1326 816 Constantinopolim

255 839 453 928 ingredienti
468 838 672 907 latissimum
685 839 779 906 illum
791 837 879 908 diem
890 839 1035 908 illuxisse
1048 859 1084 908 ac
1099 841 1322 930 triumphum.

299 955 489 1044 Opportune
506 955 595 1023 anim
609 953 768 1024 acciderat
790 963 840 1044 ut,
861 973 937 1023 cum
956 954 1086 1024 advenit
1107 957 1176 1025 haec
1193 958 1324 1027 Hlnda-

256 1073 328 1144 wiai
350 1070 555 1160 imperatoris
577 1070 708 1159 legatia,
743 1071 945 1158 episcopatus
975 1069 1189 1160 Byzantinus,
1223 1074 1324 1163 jussu

255 1186 368 1257 Rasilii
394 1186 576 1274 legatisque
599 1185 684 1254 sedis
706 1186 885 1274 apostoliae
909 1186 1141 1277 praesentibus,
1154 1188 1189 1256 in
1204 1189 1323 1260 Photia

251 1302 430 1394 judicando
466 1300 781 1389 condemnandoqua
815 1303 1033 1371 versaretur&
1074 1303 1178 1392 Cujus
1222 1305 1323 1375 ctiam

256 1419 383 1489 aoncilii
397 1417 434 1485 in
449 1416 565 1485 ultima
584 1417 741 1504 sessione,
767 1417 940 1487 Anastasio
963 1417 1037 1487 data
1057 1428 1106 1488 est
1124 1419 1262 1491 facultas
1284 1433 1324 1492 ut

255 1535 432 1605 honorifica
457 1532 659 1621 consederet,
687 1541 784 1624 atqua
817 1554 894 1602 cum
917 1533 1072 1604 amnibus
1103 1537 1264 1629 episcopis
1291 1549 1325 1608 et

256 1648 444 1740 proceribus
455 1649 490 1716 in
506 1648 673 1735 Photium,
684 1647 849 1736 jacentem
860 1651 1001 1737 hostem,
1013 1653 1187 1721 anathema
1199 1655 1323 1723 aonala·

256 1765 391 1834 marat³.
408 1763 480 1846 Quo
495 1783 572 1832 sane
586 1763 665 1851 quid
679 1783 749 1832 esse
758 1765 863 1854 potuit
877 1765 1052 1835 Anastasio
1063 1765 1261 1860 jucundius,
1277 1769 1324 1840 illl

257 1881 405 1971 scriptori
424 1880 531 1968 quise
551 1899 609 1968 per
622 1879 745 1948 litteras
758 1879 883 1948 Nicolai
898 1879 912 1946 Ι
930 1890 962 1949 et
980 1881 1139 1952 Hadriani
1156 1883 1191 1952 II
1209 1885 1250 1954 ad
1263 1888 1324 1954 has

256 1997 363 2067 felices
381 1996 485 2065 exitus
508 1994 649 2062 maxime
675 1994 850 2062 contulisse
872 1993 1025 2084 jactabat,
1047 1997 1103 2084 qui
1127 1998 1323 2068 universum

257 2112 372 2183 orbem
404 2111 558 2180 adversus
588 2109 743 2178 Photium
773 2109 1012 2180 concitaverat?
1046 2110 1155 2193 Quam
1177 2114 1226 2182 illi
1253 2115 1324 2203 glo-

257 2229 381 2296 riosum
409 2247 443 2295 sa
474 2227 664 2313 scriptorem
693 2224 800 2294 dicare
829 2246 923 2313 passe
950 2226 1082 2295 illarum
1108 2229 1323 2318 epistolamm
1399 2249 1403 2256 ·

256 2363 338 2432 quas
350 2351 421 2411 tum
432 2341 575 2428 synodus
585 2341 783 2410 oeaumeniaa
790 2341 958 2428 recitabat,
973 2342 1094 2430 quibus
1103 2345 1178 2432 plus
1190 2344 1324 2416 ducenti

259 2441 400 2545 episcopi
424 2455 683 2525 acclamabant⁴l
711 2455 779 2524 Nea
809 2457 933 2524 mirum
956 2459 982 2526 si
1003 2459 1078 2546 iste,
1100 2461 1205 2528 elatus
1226 2461 1325 2530 infla·-

256 2583 374 2661 tusque
397 2572 582 2661 insolentia,
606 2571 782 2640 adventum
797 2593 895 2641 suum
915 2572 951 2640 in
965 2572 1084 2642 urbem
1105 2573 1324 2664 Byzantinam

288 2816 312 2866 l.
330 2812 433 2875 «Igitur
448 2826 504 2862 cum
516 2811 568 2862 beo
579 2809 740 2861 celebraretur
753 2810 898 2861 venerabilis
912 2811 1025 2876 synodos,
1043 2812 1131 2864 accidit
1150 2827 1191 2865 ma
1204 2813 1324 2866 famulum

255 2898 360 2942 vestrum
369 2892 470 2941 missum
479 2889 621 2940 abudavlco
628 2889 736 2954 piissimo
743 2889 886 2954 imperatore
894 2904 947 2939 aum
957 2890 1049 2940 duobus
1058 2891 1111 2942 aliis
1119 2892 1179 2942 uiris
1188 2892 1324 2956 insignibus

255 2974 402 3024 interesse.»
417 2970 538 3022 Anastasii
556 2970 681 3033 Praefatio
696 2971 723 3020 ia
739 2969 865 3034 synodum
877 2971 937 3020 Vll!
950 2971 1052 3033 (iligna,
1065 2977 1086 3022 l.
1103 2972 1214 3036 CXXlX,
1232 2989 1257 3039 p.
1278 2977 1320 3036 Πς

256 3053 342 3117 dolati,
354 3058 374 3102 t.
386 3053 419 3116 X,
432 3066 458 3116 p.
472 3051 537 3115 478).
560 3051 617 3100 Hae
629 3048 741 3115 synodus,
755 3065 809 3114 quaa
822 3050 967 3100 oecumanlca
985 3057 1070 3101 octaua
1084 3051 1182 3117 dicitur,
1201 3053 1322 3120 inceperat

257 3133 295 3183 dle
308 3135 368 3182 5m.
381 3130 491 3184 Octobris
505 3145 527 3182 a.
543 3131 589 3184 869
602 3130 705 3195 (Mlgne,
720 3129 790 3192 ibid,
805 3145 831 3196 p.
844 3132 875 3180 29
880 3144 889 3194 3
904 3130 990 3196 caleti,
1004 3145 1030 3196 p.
1045 3133 1110 3197 487).

285 3215 310 3263 2.
328 3213 388 3272 Qus
403 3211 487 3260 habita
503 3215 540 3260 ast
561 3209 661 3274 «pridie
673 3209 830 3260 kalendarum
842 3210 1010 3262 Martiamma
1024 3226 1048 3264 a.
1069 3213 1115 3264 870
1132 3212 1238 3280 (mgna,
1251 3213 1321 3280 ibid,

253 3309 278 3360 p.
293 3294 353 3357 ¹473
368 3290 453 3355 dolati,
467 3289 536 3355 ibid,
550 3304 575 3355 p.
590 3290 656 3355 899).

286 3375 310 3425 3.
332 3391 344 3420 ι
358 3370 475 3425 Similiter
492 3370 651 3421 consederunt
669 3371 694 3421 in
710 3371 807 3421 dextera
824 3375 892 3434 parte
911 3369 1076 3434 glorianisimi
1091 3373 1213 3440 principes
1227 3380 1254 3426 at
1266 3389 1322 3441 epa-

255 3453 357 3505 crisiarli
377 3449 495 3519 perspicui
513 3449 629 3501 Ludoriai
644 3451 795 3516 imperatoria
808 3449 923 3502 Italorum
945 3457 1018 3518 atqua
1036 3453 1194 3519 Francorum,
1214 3455 1324 3506 videlicet

254 3533 395 3587 Anastasius
404 3535 456 3584 Deo
470 3529 579 3581 amabilis
594 3530 791 3582 bibliothecarius
802 3533 893 3597 Roma,
906 3533 1092 3598 suppoprimus
1103 3534 1322 3586 concofanariorum

256 3613 389 3678 (mendosa,
403 3627 447 3678 pro
468 3611 713 3678 punlsanaaa'arum,
733 3611 800 3661 ltalis
815 3612 999 3678 consolacione,
1017 3612 1092 3664 Gadis
1109 3615 1281 3680 qansclonier,
1297 3601 1321 3666 ld

254 3699 300 3759 ast,
314 3693 428 3757 sigalion
440 3707 464 3742 ι.
475 3693 514 3742 Du
524 3693 616 3755 Ganga,
631 3691 797 3755 Glossarium,
809 3707 832 3740 a.
842 3693 911 3755 1733,
921 3697 940 3742 t.
950 3693 994 3756 lll,
1006 3707 1030 3758 p.
1042 3693 1113 3758 1003)
1128 3699 1153 3744 at
1166 3695 1322 3746 consobrinus

253 3775 333 3825 uxoris
342 3773 403 3837 ejus,
414 3778 439 3823 at
448 3770 569 3822 llrrardus
581 3769 722 3836 prepositus
732 3784 820 3820 mansee
833 3771 942 3834 ipsius.»
953 3771 1019 3822 Acta
1032 3773 1134 3823 aoncilii
1151 3773 1217 3838 VIII,
1227 3789 1286 3825 sess.
1299 3775 1321 3827 X

256 3855 358 3920 (bligne,
372 3859 393 3904 t.
405 3852 516 3914 CXXIX,
531 3865 556 3915 p.
573 3853 632 3912 ll83
648 3849 734 3913 Galati,
748 3855 768 3901 t.
778 3852 810 3915 X,
822 3867 846 3916 p.
860 3850 925 3915 630.)

284 3937 308 3986 l.
326 3932 428 3998 Nicolai,
442 3933 466 3982 iu
481 3931 525 3982 hoa
537 3930 646 3995 concilio,
660 3931 765 3981 recitata
782 3936 838 3981 sunt
852 3928 958 3996 epistole
976 3931 1082 3996 quinqua
1098 3932 1131 3997 (r.
1149 3933 1238 3998 Galatl,
1254 3939 1273 3986 t.
1287 3935 1321 3999 Χ,

254 4030 279 4081 p.
294 4018 349 4079 829,
363 4016 419 4078 535,
435 4015 490 4078 539,
503 4014 558 4076 548,
571 4012 640 4077 592),
654 4011 768 4062 Hadriani
781 4017 862 4061 autam
876 4009 982 4075 epistole
994 4017 1106 4077 quattuor
1121 4013 1219 4079 (caleti,
1230 4030 1256 4080 p.
1265 4017 1320 4076 880,

254 4097 309 4158 599,
325 4097 380 4159 591,
394 4093 450 4158 599)
464 4099 490 4142 et
502 4097 551 4142 tras
560 4091 726 4142 allocutiones
739 4091 763 4138 in
778 4089 877 4139 concilia
886 4093 993 4140 llomano
1007 4105 1041 4140 m.
1056 4091 1127 4142 lunia
1141 4107 1164 4142 a.
1178 4094 1223 4144 009
1234 4094 1320 4144 babilas

256 4173 350 4240 (Calatl,
366 4190 390 4238 p.
403 4176 457 4236 593,
470 4175 524 4238 595,
538 4175 603 4236 597).
615 4174 663 4222 Has
673 4171 746 4221 otiam
755 4169 900 4220 llcdrlaneas
911 4170 1002 4220 litteras
1014 4171 1044 4220 ab
1056 4173 1181 4222 Anastasio
1196 4173 1280 4223 saltam
1292 4189 1320 4224 an

255 4259 322 4320 parta
336 4253 436 4303 dictatas
449 4269 501 4306 assa
511 4268 554 4318 pra
564 4258 629 4303 carto
641 4251 777 4302 habendum
790 4255 827 4300 ast
837 4250 870 4315 (ι.
884 4265 963 4314 supra,
974 4265 1000 4316 p.
1016 4251 1094 4316 lla-³)
1103 4269 1110 4313 ς
1119 4252 1158 4301 sed
1167 4253 1281 4318 quonium
1292 4267 1321 4303 ιι

256 4331 367 4384 bladus
387 4331 450 4397 (qua
474 4333 627 4396 reperiuntur·
651 4346 696 4397 up.¹
713 4331 799 4391 caleti,
824 4345 848 4395 p.
871 4331 925 4393 l89,
940 4330 998 4396 520)
1020 4345 1103 4382 mansa
1126 4330 1200 4384 lunio
1227 4345 1251 4386 a.
1273 4333 1321 4386 800
