2944 5060
382 443 536 496 titulum
559 445 760 498 nnnsrnstt
788 445 1006 496 Pntlnourn
1178 451 1222 500 att

208 586 294 668 Ouid
311 595 382 656 tum
398 587 499 676 igitur
508 566 701 657 Anastasius
711 587 728 656 7
740 587 783 658 Ut
797 597 872 658 ante
887 588 1068 660 Hiudowioi
1083 591 1224 680 impera·

161 704 255 793 toris,
267 723 356 771 nunc
366 701 454 772 Calvi
468 703 505 773 fit
518 703 664 773 laudator
676 703 871 774 immodicus
886 704 1102 794 assiduusque
1115 727 1224 776 assen-

158 829 257 890 tator.
274 819 381 888 Immo
394 840 480 909 vero,
492 829 530 889 ut
543 821 740 908 palinodiam
753 820 923 910 inciperet,
934 842 976 892 ne
988 833 1224 911 exspectaverat

163 936 300 1024 quidem
321 935 402 1005 dum
425 935 634 1006 Hludowicus
652 937 829 1025 imperator
849 938 979 1025 penitus
999 939 1229 1028 exstinguere-¹

159 1061 236 1141 tur;
252 1073 330 1122 nam
342 1061 494 1142 quattuor
506 1061 580 1122 ante
590 1052 773 1141 mensihnS,
785 1061 924 1122 mortem
938 1052 1026 1122 illius
1036 1055 1222 1147 providens,

159 1176 260 1256 atque
288 1167 469 1258 fortunam,
498 1178 536 1238 ut
561 1170 606 1237 ita
636 1167 761 1256 dicam,
791 1191 864 1238 mor
890 1169 1041 1238 flaturam
1065 1192 1084 1239 a
1111 1169 1225 1242 Galliis

159 1293 360 1374 auguratus,
391 1284 505 1354 Carolo
527 1285 623 1354 Calvo
648 1305 730 1374 opus
755 1285 920 1373 quoddam
941 1307 960 1354 a
983 1307 1018 1355 se
1041 1285 1223 1357 consectum

160 1420 240 1470 oum
258 1399 374 1470 litteris
389 1401 479 1468 omni
495 1399 680 1470 adulatione
697 1399 822 1471 refertis
837 1401 966 1471 mittere
979 1404 1221 1491 occupaverat¹.

207 1515 314 1598 Quem
326 1518 428 1606 igitur
442 1537 552 1606 regem
563 1537 668 1606 nuper
678 1517 859 1606 appellabat
872 1527 1063 1608 tyrannum,
1075 1540 1223 1611 avarum,

158 1633 315 1723 bestiam,
326 1654 415 1702 nunc
426 1633 579 1702 eumdem
591 1634 761 1722 profitetur
771 1655 837 1702 non
850 1643 917 1702 tam
929 1634 969 1702 ad
982 1643 1113 1704 terrena
1125 1658 1224 1724 quam

160 1749 204 1818 ad
218 1749 328 1820 divina
342 1751 497 1838 aspirare,
518 1769 625 1838 neque
641 1771 759 1821 aurum
778 1752 883 1819 solum
897 1771 916 1819 e
930 1759 1029 1840 terra,
1049 1752 1104 1821 sed
1125 1754 1224 1822 etiam

159 1885 199 1934 er
209 1866 302 1934 libris
310 1866 475 1954 sapientiae
483 1867 649 1935 thesauros
658 1867 797 1936 effodere
808 1876 833 1935 ².
850 1866 947 1935 Nunc
956 1867 1002 1935 ait
1010 1867 1052 1937 de
1059 1867 1147 1938 Calvi
1159 1870 1224 1939 vir·

157 1981 287 2050 tutibus
301 1983 408 2051 volare
421 2003 478 2069 per
489 1981 603 2051 orbem
622 1982 811 2070 opinionem
829 1981 1024 2052 odoriferam
1035 1983 1061 2074 ³3
1079 1985 1222 2055 miratur

158 2097 248 2166 illius
271 2118 391 2188 mores,
416 2099 556 2166 miratur
585 2098 774 2188 scientiam3
803 2106 912 2187 stupet
937 2098 1026 2169 unde
1059 2101 1113 2168 ille
1143 2121 1219 2168 oum

159 2213 275 2283 Patres
299 2213 446 2302 Latinos,
470 2222 541 2282 tum
566 2213 692 2283 Graecos
722 2215 919 2302 perscrutari
952 2236 1019 2282 non
1048 2214 1219 2286 desistat

159 2400 302 2466 predictum
314 2414 409 2465 papam.
421 2417 436 2448 »
449 2399 569 2465 (Annales
584 2399 720 2462 Vcdastinr',
736 2415 758 2450 a.
773 2403 830 2464 676,
848 2402 926 2465 Pertz,
946 2401 1003 2464 SS.,
1017 2403 1050 2466 11,
1065 2403 1131 2468 796.)
1150 2420 1165 2451 c
1175 2405 1223 2453 iia-

159 2479 226 2530 rolus
235 2495 277 2530 rex
286 2480 390 2546 perrexit
399 2480 429 2530 ad
439 2481 549 2545 Romam,
559 2484 584 2530 et
592 2479 622 2530 ad
631 2479 755 2530 ecclesiam
764 2480 830 2530 heati
840 2481 904 2531 Petri
914 2481 974 2531 dona
984 2481 1102 2534 obtulit.n
1113 2483 1223 2547 (Andrea

160 2561 314 2623 Bergomatis
326 2562 447 2623 Historia,
457 2575 479 2610 o.
493 2572 555 2626 xrx,
568 2561 593 2610 in
603 2563 717 2612 dionem.
728 2561 815 2611 Germ.
825 2561 896 2626 dart„
907 2562 979 2623 in-to,
992 2577 1017 2627 p.
1027 2563 1093 2627 236.)
1106 2564 1223 2614 «Carolus

159 2641 262 2692 Romam
274 2642 340 2692 venit
350 2656 406 2692 cum
415 2640 520 2691 donariis
528 2640 620 2704 multis,
635 2641 733 2706 ipsoque
747 2641 786 2691 die
802 2641 887 2691 natalis
904 2643 1002 2692 Domini
1016 2645 1040 2692 in
1055 2643 1223 2708 imperatorem

160 2720 283 2772 electus.»
301 2720 420 2786 (Folquiui
435 2721 627 2773 chartularium
639 2720 792 2785 Sittianam,
806 2737 846 2786 ap.
862 2722 953 2784 Migne,
967 2724 996 2772 P.
1008 2724 1046 2785 t,
1059 2730 1079 2774 t.
1089 2725 1221 2786 cxxxvi,

160 2816 186 2867 p.
206 2804 288 2865 1267.)
307 2819 319 2849 c
334 2802 432 2853 Carolus
451 2803 551 2852 Romam
566 2802 678 2865 perrexit,
691 2807 716 2851 et
728 2800 790 2851 datie
805 2802 934 2867 apostolico
949 2802 1054 2853 lohanni
1070 2810 1095 2853 et
1108 2805 1223 2854 Romanis

159 2883 257 2944 magnis
269 2882 418 2946 muneribus,
431 2881 560 2946 imperator
572 2888 674 2932 creatur.
689 2900 703 2930 e
717 2882 857 2946 (Reginonis
873 2882 1026 2943 chronicon,
1038 2897 1060 2932 a.
1071 2883 1126 2944 att,
1142 2885 1221 2942 Pertz.

160 2963 181 3024 Ι,
195 2961 263 3026 567.)
288 2961 442 3013 «Carolus...
462 2962 610 3026 imperatorie
621 2977 709 3012 nomen
725 2978 740 3012 a
759 2963 859 3028 presule
873 2962 937 3013 eedie
957 2962 1092 3027 apostolice
1112 2963 1222 3014 iohanne

160 3041 253 3104 ingenti
267 3042 344 3108 pretio
357 3047 455 3092 emerat.
469 3060 482 3089 r
495 3041 577 3107 (ibid,
593 3058 617 3092 a.
632 3045 687 3107 677,
701 3059 728 3109 p.
745 3043 810 3108 569.)

191 3128 215 3174 1.
233 3122 260 3174 ld
271 3129 317 3183 est,
325 3122 427 3174 Scholia
438 3123 464 3172 in
473 3123 623 3188 Dionysium
633 3123 823 3189 Areopopitom‚
833 3139 934 3188 qnorum
944 3123 1055 3175 Praelatio
1065 3123 1095 3172 ad
1106 3124 1220 3174 carolum

160 3202 263 3255 Calvum
274 3202 409 3267 epistolaris
422 3203 453 3252 ab
466 3203 591 3254 Anastasio
602 3203 724 3254 «dataest
738 3205 794 3254 Vlll
807 3203 965 3268 Kaldprilie,
980 3203 1031 3254 ind.
1046 3207 1059 3254 6
1072 3221 1086 3252 »
1103 3205 1136 3269 (a.
1154 3207 1220 3268 876).

160 3284 199 3334 ct.
214 3282 326 3348 Append.
339 3285 372 3335 11.

191 3367 217 3416 2.
234 3365 320 3414 «Ecce
337 3365 510 3429 imperatorum
523 3363 675 3420 solertissime
688 3370 713 3414 et
726 3363 922 3415 christianissimo
936 3365 978 3430 qui
993 3365 1076 3414 effodis
1086 3371 1111 3414 et
1124 3363 1219 3414 rimaris

161 3443 305 3509 sapientiem
324 3444 387 3494 siout
406 3444 554 3509 thesaurum,
568 3445 605 3494 cni
622 3444 682 3494 nihil
701 3444 825 3494 sinistrum
838 3452 883 3507 est,
908 3460 963 3495 cunr
984 3451 1085 3509 utraque
1107 3445 1221 3494 nimirum

161 3539 235 3575 manu
250 3539 293 3590 pro
306 3525 402 3574 dextera
416 3525 498 3575 utaris.
519 3527 581 3575 Nam
594 3525 627 3574 sic
647 3525 752 3574 humana
766 3525 799 3575 rei
820 3526 922 3590 publice
941 3525 1069 3574 commissa
1091 3525 1221 3574 secundum

160 3606 242 3668 legem
255 3604 301 3656 Dei
315 3604 475 3668 gubernacula
488 3604 627 3668 moderaris,
642 3610 668 3654 ut
682 3604 762 3654 divina
784 3621 882 3670 quaeque
903 3621 950 3655 non
971 3605 1073 3669 deseras,
1095 3605 1137 3654 sed
1159 3620 1222 3670 pre-

162 3685 235 3735 ieras.
255 3702 270 3733 n
291 3685 411 3736 Anastmii
432 3685 515 3750 Epist.
536 3685 573 3735 cd
593 3683 716 3735 Gerulum
736 3685 914 3751 imperatorem
937 3685 1043 3750 (Migne,
1066 3690 1085 3735 t.
1109 3686 1222 3750 cxxii,

161 3782 187 3832 p.
201 3764 267 3830 tet).

193 3847 218 3894 3.
237 3845 328 3894 «inter
340 3849 421 3894 cetera
439 3845 583 3909 studiaque
596 3849 647 3894 tam
666 3843 794 3894 laudabilis
809 3845 870 3894 aetio
889 3859 962 3909 quam
980 3841 1138 3896 saluberrima
1157 3859 1223 3894 oom-

162 3924 271 3985 monitio‚
287 3919 345 3989 q'uin
358 3925 434 3974 etiam
447 3922 563 3974 odorifere
576 3924 658 3973 volans
670 3925 749 3989 opinio
760 3923 790 3975 de
803 3925 919 3974 virtutum
932 3938 960 3973 ao
978 3935 1071 3971 morum
1089 3924 1224 3987 quantitate

161 4011 268 4069 tuorum,
284 4019 298 4054 o
313 4003 414 4054 dictator
428 4003 526 4069 inclyte,
541 4003 676 4054 mortalium
690 4009 783 4054 mentes
800 4005 888 4054 excitat
900 4021 925 4066 n,
940 4009 987 4053 eto.
1000 4002 1120 4052 Anastasii
1138 4004 1223 4068 Epist.

161 4086 199 4136 ad
213 4083 334 4136 Carolum
350 4084 451 4149 (Migne,
463 4084 533 4149 inid,
548 4100 573 4149 p.
587 4087 642 4147 739,
658 4091 683 4135 et
696 4091 716 4138 t.
733 4085 870 4147 cxxt1,p.
886 4085 968 4144 1626).

193 4167 218 4216 i.
234 4181 248 4213 c
266 4163 328 4215 illud
343 4179 437 4230 quoque
455 4179 502 4214 non
518 4165 669 4215 mediocriter
686 4169 724 4215 est
743 4164 898 4213 admiratione
916 4162 1069 4228 stupendum,
1092 4163 1155 4228 qnod
1177 4179 1224 4212 non

161 4245 241 4296 solum
254 4244 351 4295 Latinos
365 4247 458 4310 Patres,
473 4245 514 4295 sed
532 4251 557 4295 et
575 4247 669 4295 Grecos
689 4243 770 4293 rimari
793 4257 840 4293 non
861 4257 949 4308 cessas,
969 4248 994 4292 et
1015 4244 1121 4294 Romana
1140 4243 1225 4306 lingna

161 4325 281 4393 pollentes
298 4324 454 4388 Pelasgorum
467 4325 526 4375 lacis
539 4339 620 4376 rerum
632 4339 678 4376 non
692 4328 809 4392 expertes.
824 4341 838 4372 o
852 4324 913 4378 lbid.
