2944 5060
277 457 324 507 306
639 456 835 508 APPENDIX
859 457 974 508 PRIOR

278 600 355 656 tricis
368 600 482 656 iconam
500 599 628 674 bipenni,
644 598 722 672 quod
734 615 793 654 non
809 598 958 667 debuerat,
971 598 1008 654 ad
1017 597 1076 654 ima
1090 597 1265 670 dejecit,pro
1280 615 1337 671 quo

277 689 441 745 detestabili
463 705 548 760 opere
572 688 739 744 onhodoxae
762 688 857 743 cuncti
881 688 1003 744 cultores
1025 686 1092 743 fidei
1113 687 1248 742 lacrimas
1272 687 1339 742 tun-

277 778 378 833 dentes
396 778 636 848 ingemiscebant,
649 794 664 832 e
688 776 805 832 tristitia
818 777 1003 848 replebantur
1015 793 1048 831 ac
1060 793 1194 832 moerore.

310 866 358 928 His
389 867 485 939 itaque
524 865 659 938 peractis,
682 865 777 920 hostili
807 865 911 921 virtute
942 865 1003 937 ipse
1033 866 1156 921 Romam
1192 864 1339 936 depositus

276 955 438 1028 ingreditur
456 955 613 1027 presbyter,
632 955 818 1027 celeriterque
833 955 869 1008 ad
887 956 1075 1010 Lateranense
1091 955 1255 1027 properarit
1272 971 1339 1010 cum

274 1044 462 1118 iniquissimis
487 1045 549 1116 ejus
571 1043 751 1116 sequacibus,
775 1049 804 1099 et
830 1043 959 1100 saeculari
980 1043 1107 1116 potentia
1128 1043 1340 1116 patriarchium

274 1134 429 1208 multisque
443 1134 568 1190 telorum
587 1133 743 1204 generibus
753 1133 859 1205 januas
869 1133 929 1204 eJus
943 1132 1084 1204 aperiens,
1096 1139 1235 1205 tyrannus
1253 1131 1340 1187 veluti

274 1227 419 1289 cruentus,
435 1240 483 1279 eas
497 1221 634 1288 introivit,
650 1221 790 1294 solioque,
807 1221 885 1294 quod
899 1238 952 1276 nec
966 1221 1097 1277 manibus
1114 1221 1256 1277 debuerat
1269 1237 1340 1276 con-

272 1315 407 1382 trectare,
429 1311 546 1379 resedit,
563 1313 593 1365 et
606 1310 721 1366 cuidam
736 1309 968 1382 Balneoregiensi
988 1311 1132 1382 episcopo,
1158 1310 1209 1382 qui
1233 1310 1339 1366 vocite-

271 1401 357 1457 batur
368 1399 486 1457 nomine
497 1402 646 1457 Romanus
653 1401 781 1471 tantum,
791 1416 850 1455 non
860 1415 1028 1471 opere,cum
1038 1398 1139 1453 ferinis
1150 1399 1340 1454 obumbratus

272 1489 417 1544 mentibus
433 1492 610 1556 cerneretur,
624 1487 762 1560 praecepit
776 1492 808 1544 ut
821 1487 1019 1543 beatissimum
1032 1486 1233 1557 benedictum,
1249 1504 1340 1560 quem

273 1577 367 1634 omnis
379 1579 521 1648 Romana,
537 1580 570 1632 ut
583 1575 771 1649 praetulimus,
782 1577 863 1649 plebs
876 1576 1011 1648 elegerat,
1026 1575 1185 1648 pontificali
1198 1593 1257 1649 quo
1269 1575 1340 1631 resi·

273 1666 361 1722 debat
386 1666 516 1739 ejiceret,
532 1665 614 1721 solio.
643 1664 697 1730 Qui
722 1665 811 1720 etiam
836 1665 1009 1720 vestimenta
1028 1665 1209 1736 pontificalia
1234 1664 1339 1737 quibus

271 1754 389 1811 indutus
411 1757 484 1824 erat,
504 1757 536 1810 ut
551 1753 702 1824 barbarus,
718 1753 783 1808 tulit
798 1757 883 1826 atque
905 1752 1081 1826 exspoliavit,
1098 1753 1256 1827 multisque
1270 1770 1339 1809 eum

271 1843 385 1916 injuriis
395 1843 619 1917 verberibusque
633 1841 764 1914 replevit.

307 1934 384 1988 Tunc
407 1931 468 2004 ipse
491 1931 637 2004 depositus
651 1930 814 1987 Anastasius
835 1931 972 1987 eumdem
984 1928 1228 2002 benignissimum
1247 1933 1339 1988 Bene·

271 2021 380 2077 dictum
398 2023 531 2090 electum,
547 2021 685 2090 humana,
701 2037 759 2075 non
773 2018 825 2075 Dei
839 2020 954 2086 virtute,
970 2019 1150 2088 custodibus,
1166 2019 1218 2092 qui
1232 2020 1338 2076 arctius

269 2127 337 2166 eum
355 2110 601 2182 constringerent,
626 2107 740 2164 tradere
766 2107 889 2178 studuit,
909 2108 1032 2165 Johanni
1049 2108 1157 2165 scilicet
1177 2109 1336 2166 Hadriano-

270 2215 326 2271 que
342 2200 451 2254 dudum
465 2197 649 2272 presbyteris,
669 2197 719 2268 qui
734 2213 751 2251 a
765 2196 859 2252 Leone
882 2198 1002 2269 praesule
1024 2213 1078 2269 pro
1100 2197 1219 2253 illorum
1239 2197 1337 2253 erinn-

270 2288 355 2344 nibus
368 2287 498 2343 damnati
509 2286 625 2342 luerent
640 2288 726 2358 atque
747 2284 870 2358 depositi
887 2303 921 2341 ex
943 2285 1024 2342 omni
1035 2285 1209 2342 sacerdotali
1228 2286 1336 2343 officio.

268 2378 332 2431 Mox
344 2376 477 2432 universa
491 2376 562 2432 Urbs
582 2375 692 2429 ululatu
707 2373 870 2447 amplisque
884 2374 994 2447 repleta
1009 2377 1052 2430 est
1065 2374 1191 2443 fletibus,
1209 2378 1239 2430 et
1255 2375 1337 2448 gravi

269 2481 419 2521 murmure
434 2467 568 2538 quassata
575 2462 699 2535 jacebat.
712 2462 790 2518 lllico
802 2462 920 2535 quidem
930 2480 1032 2520 omnes
1043 2463 1169 2536 episcopi
1183 2464 1337 2538 clerusque

269 2568 302 2607 ac
316 2553 369 2608 Dei
390 2553 514 2628 populus
528 2554 804 2609 sanctasanctorum
818 2551 952 2623 ingressi,
970 2551 1122 2608 tundentes
1137 2555 1259 2624 pectora
1273 2569 1335 2622 sua,

266 2641 390 2713 profusis
403 2641 529 2697 lacrimis
547 2641 625 2696 intra
646 2639 818 2694 vestibulum
845 2643 874 2695 et
896 2643 987 2697 altare
1011 2642 1072 2697 solo
1097 2641 1233 2714 prostrati
1254 2642 1335 2715 J'ace-

266 2729 346 2799 bant,
364 2729 417 2786 liei
443 2734 557 2786 orantes
585 2728 769 2800 majestatem
791 2731 823 2784 ut
845 2729 919 2785 tanti
940 2730 1046 2787 erroris
1071 2729 1194 2802 caligine
1216 2747 1269 2787 sua
1285 2747 1336 2788 eos

267 2817 382 2875 victrice
414 2818 516 2876 dextra
546 2817 693 2874 liberaret.
723 2817 859 2890 Septimus
881 2821 946 2874 tum
973 2818 1053 2876 ieriae
1080 2836 1178 2875 cursus
1210 2835 1336 2893 perage·

267 2907 364 2963 batur.
798 2928 800 2933 ·

301 2997 399 3052 Altera
413 3014 480 3053 vero
496 2996 553 3068 die,
573 2993 704 3068 praedicti
727 2994 854 3068 episcopi
875 3012 942 3052 cum
966 2996 1100 3052 universo
1126 2996 1205 3054 clero
1230 3015 1264 3054 uc
1282 3014 1337 3070 po-

266 3085 334 3156 pulo
357 3086 388 3141 in
420 3085 581 3142 AEmilianae
605 3085 688 3140 titulo
725 3089 928 3156 convenerunt,
958 3086 989 3141 in
1020 3103 1077 3159 quo
1100 3086 1190 3142 etiarn
1211 3087 1336 3160 Augusti

266 3173 369 3246 saepius
384 3174 453 3231 dicti
465 3175 555 3246 legati
578 3174 734 3230 frementes
748 3190 915 3248 magnaque
929 3178 1072 3231 tumentes
1086 3174 1221 3248 superbia
1233 3193 1335 3248 perre-

266 3265 381 3332 nerunt,
397 3265 426 3318 et
438 3263 549 3336 impetu
564 3262 640 3318 iacto
658 3260 800 3331 absidam,
816 3262 846 3318 in
869 3280 927 3336 qua
947 3263 1075 3340 episcopi
1093 3264 1249 3336 psallentes
1262 3265 1335 3322 resi·

266 3349 373 3406 debant
396 3368 461 3408 cum
477 3352 563 3418 clero,
580 3352 680 3407 leones
697 3351 786 3406 veluti
798 3351 982 3422 ferocissimi,
998 3353 1238 3417 conscenderunt,
1255 3371 1334 3412 erec-

265 3438 358 3512 tisque
375 3440 479 3511 jaculis
494 3457 542 3496 eos
562 3439 742 3495 conabantur
754 3437 860 3494 elidere
876 3441 1049 3514 ensibusque
1063 3440 1166 3512 punire
1180 3441 1331 3499 dicentes:

265 3527 448 3600 acquiescite,
464 3531 740 3600 et1oestnoconscnsu
755 3528 909 3599 pontificali
925 3530 1090 3586 Anastasius
1104 3530 1222 3586 culmini
1238 3531 1334 3588 subro-

265 3622 353 3686 petur.
374 3618 418 3673 llli
436 3634 503 3674 vero
523 3620 620 3673 sancto
635 3615 739 3689 repleti
756 3616 866 3688 Spiritu
880 3617 1066 3674 affirmabant
1088 3617 1218 3674 dicentes
1233 3636 1241 3675 ι
1256 3622 1335 3680 Νιιο-

266 3721 348 3775 quom
367 3711 397 3762 in
415 3708 565 3780 depositum
583 3710 608 3762 ei
626 3707 799 3761 anathemate
810 3722 828 3760 o
841 3711 935 3763 sancto
945 3708 1065 3779 presule
1083 3707 1218 3778 beatoque
1229 3710 1335 3780 synodo

264 3797 384 3852 uinctum
402 3799 592 3864 consentimus,
606 3795 654 3851 sed
668 3794 753 3852 modis
767 3795 890 3851 omnibus
912 3796 1058 3867 objicimus
1073 3801 1099 3852 et
1113 3812 1131 3852 o
1147 3798 1200 3853 Dei
1218 3800 1332 3856 cotibus

264 3897 448 3953 segregamus.
465 3886 521 3960 lpsi
548 3885 671 3956 denique
693 3882 842 3938 furibundi
862 3879 1028 3942 verberibus
1050 3902 1099 3942 eos
1118 3887 1332 3960 tormentisque

264 3970 398 4030 dicebant
410 3993 440 4030 se
455 3977 526 4031 velle
542 3992 591 4031 cos
607 3971 718 4046 punire,
737 3970 789 4026 scd
802 3971 985 4029 beatissimus
997 3975 1106 4046 lleique
1120 3973 1330 4047 omnipotentis

264 4060 392 4130 antistes,
409 4067 437 4118 et
453 4063 501 4136 qui
520 4079 586 4120 cum
597 4062 667 4134 ipsis
682 4058 811 4127 aderant,
825 4063 953 4117 terrores
972 4063 1018 4120 vel
1031 4062 1128 4118 minas
1144 4078 1249 4122 eorum
1263 4082 1330 4140 per·

262 4146 458 4223 vipendcntes,
474 4151 640 4209 immobiles
651 4146 846 4222 perstiterunt.

298 4237 424 4302 Quorum
449 4239 641 4297 constantiam
663 4237 726 4309 jam
750 4235 819 4291 dicti
844 4237 947 4296 Franci
974 4243 1125 4297 cernentes
1150 4239 1187 4296 ab
1218 4240 1261 4297 eis
1285 4242 1332 4302 ira

262 4322 456 4384 discesserunt
478 4328 590 4402 repleti,
615 4330 644 4383 et
666 4327 697 4381 in
721 4325 866 4398 quoddam
897 4329 1060 4386 cubiculum
1087 4328 1176 4403 ipsius
1201 4329 1330 4388 butico
