2944 5060
341 1102 608 1193 turdorum
647 1107 698 1192 ET
739 1106 993 1194 SUPPLENDA

572 1406 751 1418 U*-

169 1674 236 1744 Pag.
249 1676 276 1740 2,
288 1672 339 1728 lin.
350 1674 377 1740 3,
387 1672 467 1743 legas
478 1693 492 1724 α
501 1671 596 1728 saeeuli
604 1691 629 1740 o,
640 1671 703 1727 loco
715 1671 859 1740 «seculi»,
871 1671 949 1726 etita
959 1670 1194 1746 quotiescumque

134 1769 206 1827 illud
222 1769 387 1830 occurrerit.

170 1871 201 1925 P.
217 1869 277 1937 3,1.
292 1872 307 1924 11
322 1885 385 1942 sqq.
401 1869 557 1939 Postquam
574 1868 635 1924 haec
650 1866 758 1938 scripsi,
773 1884 809 1924 ea
822 1867 918 1924 inveni
932 1869 1114 1939 argumenta,
1130 1884 1195 1940 qure

132 1964 318 2020 manifestum
335 1964 443 2020 faciani
462 1963 612 2020 Anastasio
633 1963 861 2032 bibliothecario,
881 1963 905 2020 si
923 1980 981 2019 nou
997 1962 1106 2038 Nicolai
1124 1966 1146 2036 1,
1164 1968 1195 2020 at

133 2065 211 2118 certe
234 2062 369 2119 Hadriani
391 2063 414 2117 11
435 2061 529 2118 Vitam
546 2060 670 2118 adscribi
692 2062 880 2117 nullomodo
901 2078 994 2134 posse.
1013 2062 1047 2129 11,
1072 2078 1135 2134 cap.
1153 2079 1193 2132 vr,

131 2177 162 2232 p.
178 2162 308 2230 243-253,
324 2163 353 2216 ei
365 2160 497 2233 Append.
513 2161 548 2228 ΙΙ,
562 2176 592 2232 p.
606 2161 698 2216 335-11.

168 2259 198 2316 P.
215 2261 241 2326 3,
257 2259 277 2315 l.
292 2260 321 2327 8,
333 2259 390 2329 leg.
411 2257 592 2325 «necdum»,
607 2258 670 2313 loco
684 2279 699 2310 ι(
710 2273 804 2329 neque
817 2257 956 2312 hacteuus
967 2276 993 2312 r.

168 2357 198 2410 P.
210 2359 237 2426 11,
248 2355 267 2411 l.
276 2359 303 2424 2,
313 2356 370 2427 leg.
383 2355 565 2424 «multavit»,
575 2355 639 2411 loeo
652 2376 666 2406 r
676 2353 856 2423 mulctarit»,
869 2354 946 2409 etita
955 2354 1193 2428 quotiescumque

132 2452 204 2509 illud
217 2452 382 2510 occurrerit.

167 2553 199 2608 P.
217 2554 258 2620 111,
275 2551 295 2606 l.
311 2555 327 2606 5
346 2550 376 2607 in
390 2553 459 2607 uota
472 2553 499 2620 1,
518 2552 576 2623 leg.
596 2572 610 2600 κ
622 2548 713 2606 immo
725 2569 751 2620 r,
769 2547 832 2606 ioco
852 2569 867 2601 «
880 2548 940 2606 imo
951 2567 983 2611 u:
1001 2554 1030 2607 et
1045 2549 1074 2606 in
1088 2553 1149 2608 not.
1166 2554 1192 2621 ὅ,

132 2665 186 2721 pro
200 2669 215 2700 α
228 2664 253 2705 c.
269 2665 308 2706 vu
321 2669 348 2718 o,
363 2649 421 2721 leg.
439 2670 455 2700 α
471 2665 494 2704 c.
510 2665 537 2707 vi
553 2669 578 2704 e.

167 2746 198 2801 P.
215 2751 259 2815 17,
273 2746 303 2801 in
317 2749 378 2802 not.
393 2747 490 2817 21113.
510 2749 618 2820 «caput
631 2762 660 2815 v,
674 2762 702 2818 p.
718 2749 765 2801 195
777 2764 803 2802 r.

167 2844 199 2901 P.
213 2846 258 2912 22,
273 2844 293 2899 1.
308 2847 337 2913 7,
349 2859 402 2915 pro
417 2864 432 2895 «
442 2846 505 2898 tum
520 2843 550 2898 in
565 2861 600 2899 ea
612 2859 733 2912 causa»,
751 2842 809 2914 leg.
829 2858 918 2899 ocum
928 2862 954 2912 r,
971 2846 1043 2910 etc.;
1058 2841 1149 2899 attin.
1165 2843 1194 2911 8,

131 2942 188 3013 leg.
206 2941 337 2998 «soleret
349 2961 374 3012 r,
393 2957 451 2996 non
470 2942 642 2998 «solebat».

167 3041 197 3094 P.
213 3040 292 3107 23,1.
309 3040 353 3107 19,
368 3039 424 3112 leg.
445 3042 629 3112 ocongruani
640 3060 667 3110 r,
682 3042 746 3098 loco
762 3041 987 3112 «congruunt».

167 3137 198 3194 P.
220 3139 266 3206 23,
290 3137 309 3194 1.
332 3139 348 3194 3
369 3136 399 3194 in
417 3141 478 3195 not.
492 3144 519 3207 2,
539 3140 597 3211 lag.
621 3138 847 3212 «putaverint»,
870 3153 928 3194 nou
953 3136 1191 3208 «putaverunt».

131 3233 229 3307 Neque
242 3233 373 3291 hocloco
391 3234 478 3292 debui
495 3239 556 3292 tam
574 3236 691 3308 praecise
706 3252 868 3292 asseverare
882 3231 1024 3289 Anastasii
1040 3247 1148 3288 nomen
1162 3231 1192 3286 in

131 3331 342 3403 exemplaribus
350 3331 582 3404 Capitulommad
591 3331 961 3406 episcoposmissisabipsis
970 3328 1191 3402 archiepiscopis

132 3428 330 3486 condemnatis
344 3445 406 3486 esso
420 3429 557 3502 deletum,
573 3447 650 3505 cum,
663 3435 695 3487 ut
704 3431 764 3487 dixi
771 3434 872 3504 postca
882 3432 921 3502 (p.
932 3430 996 3498 221,
1004 3445 1035 3486 n.
1047 3430 1083 3499 1),
1092 3425 1123 3482 id
1137 3425 1194 3482 alia

133 3525 169 3582 de
183 3543 270 3582 causa
282 3527 412 3584 accidere
427 3529 563 3600 potuerit.

165 3625 196 3680 P.
210 3626 256 3693 25,
270 3624 290 3681 l.
308 3628 333 3698 1,
349 3641 402 3698 pro
420 3625 606 3696 creddiditr‚
621 3627 679 3700 leg.
699 3625 814 3683 «edidit
825 3647 851 3696 ι,
871 3628 901 3682 at
921 3623 987 3682 vide
1000 3622 1085 3716 infra,
1100 3623 1192 3714 P·.⁶⁷’

131 3723 195 3778 329.
563 3717 565 3720 ’

85 3873 89 3881 .
165 3822 196 3876 P.
217 3823 263 3890 25,
286 3820 306 3878 l.
330 3823 373 3880 11.
398 3843 413 3874 a
426 3823 535 3880 Altiora
547 3825 575 3879 to
590 3839 627 3879 ne
641 3822 788 3897 quesieris
800 3840 830 3892 ›r;
847 3837 971 3896 quorum
989 3820 1144 3878 vorborum
1159 3820 1192 3872 ut

132 3915 171 3971 vis
185 3919 247 3972 tota
267 3917 454 3990 intelligatur,
476 3937 542 3975 curn
562 3920 618 3977 illis
635 3919 810 3976 eonferenda
832 3922 898 3974 sunt
912 3936 947 3975 ea
966 3918 1114 3974 simillima
1128 3931 1191 3988 quaa

130 4015 289 4072 Hadrianus
302 4016 326 4074 11
339 4015 374 4072 de
388 4017 535 4074 Anastasio
548 4019 577 4075 S.
589 4018 713 4075 Marcelli
724 4017 794 4074 oiim
805 4018 972 4092 presbytero
982 4014 1190 4088 pronuntiavit.

129 4115 161 4176 V.
178 4129 207 4186 p.
224 4115 285 4169 328.

164 4214 196 4269 Ρ.
210 4214 254 4280 26,
267 4213 287 4267 1.
298 4214 343 4270 21.
355 4213 431 4268 luter
443 4213 534 4269 uilla»
549 4216 578 4268 et
591 4218 758 4270 «auctorem
768 4233 794 4282 r,
810 4214 871 4269 haec
884 4211 992 4268 addas:
1007 4212 1190 4266 «multorum

131 4325 266 4383 oprurone
277 4332 301 4369 o.
