2960 5052
545 440 777 492 ‘PROOElllllbl
1180 445 1194 492 3

126 585 327 672 theotarius,
355 605 424 673 quo
447 590 606 674 tempore
630 588 723 656 aulae
747 605 964 656 summorum
990 587 1195 676 pontificum

135 711 353 798 adhaerebat,
368 710 464 778 illam
477 710 665 779 obtinuerit
678 711 896 799 provinciam
912 718 949 780 ut
961 712 1101 782 Librum
1110 722 1197 802 pon·

134 835 302 904 titicalem
335 835 520 903 scribendo
554 834 786 919 continuaret,
815 855 899 904 num
922 837 1053 907 idcirco
1076 838 1110 907 ei
1132 839 1195 906 tri-

133 960 286 1029 buendae
303 959 373 1028 sint
386 959 478 1027 Vitae
491 958 627 1028 Nicolai
641 963 657 1027 Ι
673 965 779 1047 atque
794 959 962 1030 Hadriani
975 959 1040 1030 11¹.

178 1087 221 1152 Et
233 1083 374 1172 quidem
386 1083 501 1152 Vitam
516 1082 652 1152 Nicolai
665 1086 680 1152 I
695 1085 738 1152 ab
752 1085 942 1154 Anastasio
957 1085 1196 1174 conscriptam

67 1234 72 1240 ·
134 1209 262 1287 fuisse,
288 1206 348 1295 qui
369 1206 472 1275 istius
495 1225 598 1294 papae
621 1212 698 1275 erat
718 1207 820 1276 valde
841 1208 1035 1296 studiosus,
1056 1228 1126 1278 non
1149 1209 1197 1278 ita

135 1335 310 1401 absonum
326 1327 513 1418 arbitror’;
531 1349 744 1419 quanquam,
761 1351 841 1401 cum
855 1332 891 1401 in
904 1335 971 1402 hoc
986 1333 1092 1402 etiam
1107 1331 1198 1402 desi·

134 1457 280 1525 deretur
301 1453 515 1542 antiquitatis
539 1455 742 1539 auctoritas,
768 1475 884 1545 neque
905 1459 1079 1526 hactenus
1100 1463 1198 1526 certa
1227 1441 1231 1448 ⁸

134 1580 344 1668 conjectura
355 1579 525 1667 producta
539 1579 584 1646 sit
592 1576 618 1658 ³,
628 1579 804 1649 abstinere
820 1601 859 1651 se
873 1601 894 1650 a
906 1583 1053 1652 ferendo
1062 1582 1196 1670 judicio

134 1706 246 1773 multo
273 1702 398 1771 melius
422 1702 568 1770 videtur.
592 1706 642 1771 De
657 1703 736 1772 Vita
752 1710 869 1772 autem
886 1705 1052 1775 Hadriani
1067 1709 1110 1791 ll,
1127 1722 1199 1774 ma·

130 1828 193 1918 jor
219 1833 275 1896 est
298 1827 403 1895 etiam
423 1826 601 1895 dubitandi
619 1828 732 1896 locus.
755 1829 984 1905 Quantumvis
1003 1829 1086 1899 licet
1105 1829 1198 1898 enim

134 1950 347 2021 Anastasius
362 1949 646 2018 bibliothecarius
662 1951 868 2019 excelluerit
883 1951 1030 2020 audacia
1045 1959 1080 2020 et
1094 1949 1200 2020 ambl-

133 2077 244 2160 ti'one,
262 2073 340 2163 quis
356 2093 437 2142 eum
451 2074 583 2158 credat,
599 2074 635 2141 in
653 2076 720 2143 hac
741 2075 831 2161 Vita,
850 2075 952 2164 cujus
971 2076 1062 2164 ipse,
1081 2075 1197 2144 scien·-

127 2187 228 2269 ‘tib'us
258 2199 420 2267 omnibus
445 2198 627 2284 Romania,
655 2205 778 2268 auctor
807 2205 917 2281 esset,
944 2201 988 2270 de
1015 2199 1200 2268 virtutibus

135 2323 213 2392 suis
222 2321 439 2409 ingenioque
453 2321 704 2409 praedicasse⁴,
722 2329 759 2391 ut
770 2324 1082 2412 prudentissimum
1096 2330 1201 2411 atque

138 2445 470 2535 eloquentissimum
486 2465 525 2514 se
541 2445 619 2534 ipse
635 2445 899 2534 appellaverit⁵l
924 2449 1024 2527 Quod
1040 2449 1069 2516 si
1086 2453 1200 2517 tamen

136 2573 172 2641 id
184 2559 418 2640 abhorrere'a
431 2570 589 2639 moribus
603 2570 704 2639 istius
718 2571 784 2639 viri
798 2591 869 2640 non
885 2563 1072 2640 admodum
1084 2572 1201 2641 videa·

166 2797 189 2844 l.
207 2794 260 2842 Non
275 2791 356 2853 loquor
368 2789 398 2840 de
412 2790 588 2854 antiquioribus
605 2791 680 2856 papis,
695 2792 753 2856 quia
772 2792 892 2842 videbitur
914 2793 975 2841 inira
990 2793 1143 2858 Anastasium
1162 2791 1199 2842 bi·

132 2871 328 2934 bliothecariurn‚
350 2870 398 2920 illis
415 2871 573 2934 temporibus,
588 2885 637 2921 non
661 2872 768 2922 hocloco
794 2872 898 2922 locatum
921 2888 974 2922 esse
990 2878 1016 2921 ut
1034 2886 1116 2921 eorum
1131 2872 1200 2924 vius

132 2953 307 3004 conscriberet.
334 2963 337 2972 '

165 3041 190 3084 2.
202 3034 253 3082 Nec
267 3031 354 3080 desunt
362 3029 413 3094 qui,
424 3037 506 3079 nostra
519 3030 594 3079 etium
607 3036 684 3094 atate,
696 3031 754 3080 huic
766 3032 871 3096 opinioni
886 3031 1039 3093 indulgeant.
1055 3032 1202 3082 V.Watten-

133 3114 210 3176 bach,
222 3110 408 3161 Deutsclrlonds
425 3110 669 3175 Gesrbicbtsquellen
681 3112 717 3160 im
727 3111 888 3174 Mittelalter‚
904 3119 923 3161 t.
942 3114 961 3172 l,
976 3127 1000 3176 p.
1013 3115 1057 3162 224
1074 3114 1111 3175 (3²
1121 3111 1201 3176 edit).

165 3196 190 3243 3.
201 3191 249 3242 atti
264 3191 288 3240 id
300 3190 431 3239 intulerunt
447 3205 476 3238 er
489 3189 614 3239 collatione
629 3191 684 3255 styli
705 3193 856 3241 anastasiani
870 3207 925 3241 cum
936 3191 998 3255 stylo
1012 3191 1072 3240 vita
1087 3189 1177 3240 Nicolai
1194 3211 1200 3240 ι

133 3291 149 3320 a
163 3270 408 3322 Animadvertendum
419 3275 465 3332 est,
476 3269 510 3318 ait
523 3271 627 3320 loannes
641 3270 773 3333 Ciarnpini,
789 3272 860 3334 hujus
877 3272 940 3321 Vitae
956 3272 1096 3334 scriptorem
1113 3271 1202 3333 ubique

133 3353 185 3402 lere
198 3351 315 3413 adjectiva
329 3349 505 3398 asubstantivis
517 3349 637 3413 adverbio,
647 3351 685 3399 rel
701 3349 812 3410 relativo,
830 3347 867 3400 rel
877 3351 949 3400 verbo
957 3365 1079 3415 seponere,
1095 3351 1136 3414 qni
1146 3350 1202 3399 'sane

132 3430 231 3480 dicandi
244 3431 328 3478 modus
342 3430 508 3479 Anastasianae
524 3430 647 3493 scriptioni
658 3430 726 3479 ualde
743 3431 820 3478 aldais
833 3435 878 3479 est.
894 3447 907 3476 a
924 3431 1038 3480 Examen
1053 3429 1122 3479 titre·
1143 3445 1203 3494 poa·

134 3510 258 3574 tificolt's;
271 3511 363 3572 Rornae,
381 3511 450 3568 1688,
463 3524 487 3572 p.
502 3512 543 3559 st.
556 3511 588 3559 At
601 3509 663 3571 baec,
679 3509 724 3557 nisi
742 3509 818 3572 lallor,
833 3510 906 3558 fidem
923 3525 969 3559 non
983 3509 1082 3559 iaciunt.
1094 3509 1202 3559 Aliorum

132 3590 295 3656 quorumdam
312 3589 432 3652 opinione,
450 3605 463 3636 a
475 3591 537 3638 hanc
551 3589 663 3638 Nicolall
679 3589 761 3639 Vitam
775 3590 868 3639 aSedis
880 3589 1014 3654 apostolica
1024 3577 1202 3638 bibliothecario

132 3671 253 3734 scriptam
266 3669 336 3718 docet
347 3669 464 3732 frequens
473 3669 554 3718 scrinii
569 3668 723 3718 ecelesiastici
738 3670 836 3718 mentio.
852 3689 865 3713 »
879 3671 910 3719 V.
922 3670 1093 3729 schelestrate,
1109 3669 1143 3716 De
1155 3655 1201 3716 on-

132 3751 215 3816 tiqaia
229 3751 396 3798 Romanorum
410 3748 559 3812 pontificum
575 3748 707 3812 culoloqz's,
723 3764 745 3798 c.
756 3761 806 3799 v111
820 3749 922 3813 (bligne,
933 3757 952 3798 t.
966 3750 1086 3810 CXXVll,
1098 3761 1122 3810 p.
1134 3745 1201 3816 212).

133 3833 169 3882 llx
185 3844 235 3893 quo
244 3829 316 3877 etiarn
330 3833 472 3888 argumento
483 3843 533 3876 rem
545 3835 635 3876 certam
650 3843 697 3876 non
710 3828 765 3878 licet
776 3844 867 3878 eruere.

165 3913 189 3961 4.
207 3910 288 3972 quue
302 3909 379 3970 magis
393 3908 456 3972 quod
477 3907 516 3957 illc
530 3907 560 3956 de
574 3923 599 3956 se
615 3907 640 3956 in
652 3909 701 3956 suis
714 3909 811 3973 scriptis
827 3908 934 3957 modeste
948 3907 1013 3970 loqui
1029 3906 1129 3970 solebat,
1144 3904 1203 3955 illud

132 3989 286 4054 exploratum
296 3988 387 4037 habens
401 3989 505 4052 primam
517 3987 748 4038 commendationem
758 4004 772 4038 a
783 3989 898 4038 modestia
908 3985 1034 4052 proficisci.
1045 3985 1083 4036 Cf.
1095 3986 1204 4049 inlerius,

132 4086 156 4119 o.
175 4082 194 4119 1.

165 4153 191 4199 5.
215 4148 362 4197 «Anastasio
376 4147 562 4212 prudentissimo
571 4147 752 4198 bibliothecario
762 4147 832 4198 Sedis
846 4145 981 4210 apostolica
993 4164 1015 4208 s,
1035 4163 1046 4192 α
1061 4145 1087 4195 in
1099 4147 1206 4210 utrisque

131 4228 225 4290 linguis
243 4226 451 4291 eloquentissimus
465 4228 584 4278 existebat
597 4245 622 4277 n.
638 4228 764 4278 Hadriani
778 4228 803 4276 11
819 4227 889 4288 Vite,
911 4241 932 4275 c.
949 4227 1063 4290 ijxffl
1086 4227 1206 4292 (Vignoli‚

132 4307 419 4372 procrastinatum.
436 4309 479 4370 lll,
493 4322 516 4372 p.
533 4309 587 4371 251,
601 4309 665 4372 att).
