3006 5050
287 521 334 570 llss
376 519 580 572 Anasrnstt
601 509 791 572 lNGENlUM
813 519 854 570 Ex
876 515 1078 571 nntsnotts
1099 519 1287 569 NlCOLnll

329 657 418 744 Quia
429 661 757 749 lPseudmlsidoruS‚
770 671 807 730 ut
816 662 1009 730 commentis
1023 662 1092 730 suis
1107 661 1204 734 tidem
1216 660 1355 744 laceret,

285 798 350 846 non
384 777 460 844 satis
492 777 650 844 habuerat
676 777 824 865 epistolas
847 778 965 845 multas
988 776 1168 866 priscorum
1191 796 1356 863 paparum

284 892 418 959 nomine
445 892 653 978 confinxisse,
677 913 792 961 verum
817 893 933 978 etiem,
960 892 1011 960 bis
1040 892 1167 979 scriptis
1192 891 1356 978 augendae

284 1006 484 1075 auctoritatis
497 1007 788 1094 gratia,·mentitus
808 1017 876 1074 erat
889 1008 966 1074 olim
991 1007 1027 1073 in
1051 1007 1186 1074 concilio
1216 1005 1355 1074 Nicaeno

283 1121 411 1189 decreta
422 1121 522 1190 fuisse
534 1125 602 1190 haec
616 1121 694 1209 duo,
709 1123 866 1210 primum,
880 1130 929 1209 ut,
946 1123 973 1190 si
986 1143 1050 1210 qua
1063 1121 1207 1209 synodus
1219 1120 1352 1209 injussu

283 1237 369 1305 sedis
382 1237 562 1323 apostolice
575 1247 747 1305 convocata
768 1238 955 1325 episcopum
977 1236 1157 1324 quemlibet
1170 1235 1351 1323 judicasset

282 1334 338 1422 aut
354 1351 552 1439 damnasset,
567 1331 653 1419 istud
668 1351 838 1440 judicium⁸
847 1352 1086 1420 rescinderetur
1103 1361 1200 1440 atque
1217 1351 1349 1419 irritum

282 1465 390 1553 lieret,
423 1466 542 1536 deinde
564 1476 605 1542 ¹ut
631 1459 800 1556 episcopus
826 1488 864 1535 ea
889 1467 1015 1536 ratione
1042 1467 1277 1534 condemnatus
1309 1466 1348 1533 in

281 1581 436 1669 pristinos
460 1584 599 1650 honores
625 1591 701 1650 ente
722 1582 832 1650 omnia
855 1583 1082 1650 restitueretur
1096 1581 1118 1650 ¹.
1140 1581 1242 1648 Porro
1256 1580 1348 1648 Ana·

282 1698 413 1782 stasim,
434 1696 475 1764 ab
494 1708 632 1766 exeunte
646 1697 780 1786 quidem
794 1719 824 1767 a.
841 1693 918 1784 aet,
937 1699 996 1766 hoc
1012 1697 1111 1765 etiam
1123 1705 1347 1764 commentum

282 1811 647 1880 Pseudo-isidorianam
671 1813 716 1879 ite
737 1821 852 1881 notum
876 1812 992 1880 babuit
1015 1821 1048 1880 et
1070 1813 1271 1899 exploratum
1294 1821 1345 1899 ut,

282 1949 358 1995 cnm
379 1926 503 1995 Nicolai
524 1927 658 1995 nomine
683 1927 841 2016 episcopis
857 1926 968 1994 Gallice
986 1927 1152 1995 mandavit
1177 1947 1348 1996 summum

280 2044 467 2130 pontificem
485 2052 516 2111 et
538 2043 732 2110 sententiam
759 2043 872 2128 synodi
896 2040 1111 2110 Suessionicae
1132 2041 1262 2129 injussu
1286 2063 1349 2109 suo

281 2158 524 2245 pronuntiatem
539 2157 720 2239 rescidisse,
735 2167 767 2225 et
780 2157 967 2225 Rothadum
987 2158 1023 2224 in
1038 2156 1192 2244 pristinos
1206 2159 1349 2226 bonores

280 2274 472 2361 restituisse,
482 2276 550 2341 haeo
560 2273 625 2340 duo
638 2274 819 2344 secundum
833 2273 885 2362 jus
896 2295 914 2340 a
925 2273 1072 2360 patribus
1082 2272 1209 2340 concilii
1221 2271 1348 2341 Nicaeni

281 2389 467 2455 institutum
483 2397 553 2454 ecta
566 2407 635 2457 esse
649 2388 859 2457 declaraverit
869 2389 903 2456 in
918 2391 1006 2455 hunc
1017 2388 1176 2456 modum:
1194 2387 1348 2456 «Scitote

280 2525 351 2590 nos,
379 2503 466 2589 quod
491 2504 673 2594 temeritate
703 2505 859 2590 magistre
891 2526 1060 2593 perperam
1089 2527 1107 2573 a
1134 2506 1226 2574 vobis
1254 2526 1347 2573 corn·

280 2619 419 2687 missum
432 2629 493 2708 est,
507 2631 539 2689 et
553 2620 639 2709 quod
658 2621 851 2689 inconsultis
868 2621 964 2690 nobis
983 2622 1019 2688 in
1032 2616 1181 2690 Rotbado
1199 2621 1297 2690 fratre
1313 2632 1346 2690 et

279 2736 465 2825 coepiscopo
489 2746 599 2805 nostro
625 2745 827 2826 prre'propere
852 2735 1074 2825 perpetrastis,
1099 2737 1228 2806 etiarnsi
1257 2757 1348 2804 nun·

279 2872 379 2938 quam
405 2852 515 2921 sedem
540 2852 746 2940 apostolicam
773 2853 975 2940 appellasset,
1005 2851 1065 2922 Dei
1092 2852 1282 2920 auctoritate
1313 2861 1348 2920 et

279 3099 414 3161 ignorare,
435 3103 459 3149 et
478 3114 534 3164 que
548 3099 575 3149 in
592 3099 713 3164 presenti
730 3098 827 3163 popina
846 3099 992 3163 scribimus,
1012 3113 1057 3149 uos
1070 3099 1173 3164 affatim
1192 3099 1222 3150 ἐκ
1234 3097 1347 3150 anteve

278 3176 371 3226 vestris
383 3179 516 3229 recondito
525 3179 691 3243 possidere.»
708 3179 812 3244 (bligne,
827 3194 865 3243 ep.
881 3181 921 3241 65,
932 3194 957 3244 p.
973 3181 1019 3230 882
1029 3178 1072 3242 D.)

309 3261 331 3309 l.
351 3257 440 3316 «Ques
458 3259 610 3322 providentes
621 3260 696 3309 saneti
709 3266 789 3324 petres
802 3259 901 3308 insidias
919 3265 944 3308 et
959 3259 1065 3309 inlicitus
1078 3258 1247 3308 eltereatioues
1257 3257 1343 3307 unani-

277 3338 348 3387 miter
363 3337 387 3386 iu
403 3339 514 3402 predicte
526 3339 616 3389 Nicone
629 3346 765 3390 statuerunt
783 3338 879 3403 synodo,
896 3345 923 3388 nt
940 3338 1021 3389 nullus
1038 3339 1165 3404 episcopus
1180 3339 1226 3389 nisi
1241 3339 1266 3388 iu
1279 3337 1341 3398 legi·

276 3419 335 3468 time
351 3417 439 3482 synodo
452 3423 477 3468 et
490 3433 534 3468 suo
546 3426 655 3484 tempore
672 3419 802 3484 apostolice
816 3420 957 3468 auctoritate
971 3427 1100 3470 convocate
1111 3433 1184 3483 super
1198 3417 1341 3484 quibusdem

276 3498 485 3549 criminationibus
498 3497 607 3562 pulsatus
624 3498 743 3564 audietur,
764 3498 788 3548 id
805 3504 842 3549 est
862 3498 986 3562 judicetur
999 3499 1037 3549 rel
1050 3499 1189 3549 damnetur.
1213 3499 1257 3550 Sin
1275 3496 1343 3547 aliter

276 3586 449 3644 presumptum
463 3593 478 3627 a
494 3578 640 3643 quibusdem
655 3579 735 3640 luerit,
750 3579 773 3628 in
789 3593 878 3628 renum
890 3578 1022 3629 deducetur
1036 3578 1095 3645 quid
1110 3579 1215 3642 egerint,
1228 3593 1272 3628 nec
1283 3579 1341 3628 inter

275 3658 438 3709 ecclesiastice
453 3657 501 3708 ullo
511 3657 582 3708 modo
591 3659 774 3724 reputabuntur.
785 3676 799 3707 u
813 3658 995 3724 (Pseudo-tulit
1007 3673 1029 3709 c.
1043 3671 1073 3720 v,
1084 3658 1226 3720 llinschius,
1246 3672 1271 3723 p.
1279 3656 1341 3720 tes.)

276 3755 290 3785 a
303 3739 348 3789 Est
363 3753 468 3804 nemque
484 3739 509 3787 in
522 3753 585 3804 seps
593 3740 645 3802 jem
654 3736 719 3788 dicte
729 3744 812 3788 sancte
826 3737 917 3803 synodo
930 3738 961 3787 ab
981 3737 1093 3788 omnibus
1104 3739 1251 3790 unanimiter
1260 3738 1340 3788 decre-

275 3823 337 3883 tum,
353 3825 379 3870 et
394 3818 524 3885 apostolice
537 3818 679 3868 auctoritate
701 3817 847 3878 roboretum,
868 3823 895 3868 ut
910 3818 1000 3883 siquis
1016 3819 1184 3884 episcoporum
1201 3819 1252 3868 suis
1272 3817 1341 3867 luerit

275 3897 347 3949 r'ebus
361 3899 494 3966 expoliatus
509 3907 535 3951 st
548 3900 573 3949 in
590 3897 741 3949 mentatione
755 3896 870 3962 pulsatus,
884 3898 1032 3950 ordinatione
1044 3899 1187 3964 pontificum
1210 3903 1304 3964 oportet
1316 3903 1341 3946 et

275 3976 344 4031 decet
355 3988 465 4032 sanctum
482 3982 632 4050 propositum
645 3981 724 4046 prima
736 3980 815 4030 fronte
827 3987 919 4031 certate
930 3980 969 4031 vel
981 3981 1076 4044 cedere,
1095 3985 1120 4029 ut
1134 3979 1217 4029 omnia
1231 3993 1284 4044 que
1301 3991 1340 4042 per

275 4062 441 4122 suggestiones
462 4063 616 4114 inimieorum
635 4074 731 4111 suorum
752 4059 878 4123 emiserat,
900 4059 1010 4122 legaliter
1022 4060 1101 4125 primo
1118 4059 1232 4126 potestati
1250 4059 1300 4121 eJos
1311 4055 1339 4105 eb

275 4136 409 4191 honorabili
425 4143 525 4194 concilio
542 4145 727 4205 reintegrentur,
747 4145 772 4188 et
789 4139 875 4204 presul
898 4139 1041 4203 regulariter
1059 4140 1126 4204 prius
1145 4140 1219 4190 stetui
1242 4137 1339 4203 pristinu

274 4216 396 4282 reddetur,
410 4229 435 4272 st
448 4224 498 4288 ipse
512 4224 634 4291 dispositis
643 4220 809 4284 ordinatisque
821 4219 870 4269 suis
881 4225 940 4270 tunc
953 4220 984 4270 ed
993 4225 1089 4284 tempus
1099 4220 1181 4270 veniet
1191 4218 1221 4269 ed
1235 4226 1337 4276 cauum,

274 4302 299 4346 et
312 4298 332 4346 si
346 4300 380 4348 ite
391 4302 457 4363 juste
470 4303 567 4354 videtur
579 4303 742 4354 accusantium
753 4299 957 4367 propositionibus
974 4300 1124 4365 respondeat.
1137 4319 1149 4347 u
1167 4295 1340 4350 Pseudo-ludii

272 4392 298 4428 e.
311 4390 357 4431 xix
372 4379 521 4446 (ttiuschius,
537 4398 561 4448 p.
579 4385 644 4446 tte).
