2944 5060
257 400 302 450 282
474 398 627 448 UL'l'lMAE
650 397 854 449 anastasii
881 397 1102 448 Pahlnonlra

257 545 356 614 bavit.
372 544 436 613 Sed
443 543 512 632 jam
522 563 634 612 mense
646 544 749 632 Aprili
765 543 846 612 anni
859 545 936 632 878,
949 544 1189 614 eumdemorte
1199 545 1319 634 Ignatii

257 661 396 730 Romam
412 659 498 728 lama
512 660 659 729 nondum
673 659 827 747 venisset,
847 660 951 729 iratus
962 659 1104 749 pontifex
1119 660 1207 750 qnod
1226 683 1323 732 senex

257 777 310 846 ille
320 775 514 864 patriarcha,
524 785 596 863 post
605 777 725 844 multas
737 775 1159 864 admonitionesminasque
1170 779 1325 866 gravissi·

258 913 327 962 mas
340 892 363 980 ¹,
378 889 505 960 Grecos
518 890 650 960 clericos
671 911 708 959 er
729 889 886 978 Bulgaria
905 911 1056 961 revocare
1079 894 1192 982 nollet,
1208 895 1324 963 ultima

258 1017 389 1098 paratus
407 1007 559 1096 experiri,
575 1007 655 1076 duos
675 1008 798 1094 legatos
813 1007 1130 1096 Constantinopolim
1150 1011 1288 1079 miserat
1297 1007 1322 1098 ¹,

258 1124 314 1212 qui
333 1122 426 1213 jussa
453 1123 539 1191 sedis
569 1123 750 1210 apostolicas
774 1133 957 1193 extremum
983 1124 1238 1214 denuntiarent,
1268 1133 1325 1194 aut

257 1237 423 1326 Ignatium
431 1237 881 1324 repugnantemdedignitate
890 1238 1099 1326 patriarchali
1108 1237 1320 1326 dejicerent³.

302 1353 346 1420 Hi
360 1352 493 1440 quidem
512 1351 609 1439 legati
627 1351 709 1420 nihil
728 1352 768 1421 de
790 1353 905 1422 Photio
918 1354 955 1421 in
971 1354 1080 1422 locum
1095 1353 1321 1442 Ignatiisulfl·

258 1468 372 1538 ciendo
386 1467 559 1536 decernere
574 1467 751 1555 dehebant,
776 1477 809 1536 at
824 1469 980 1538 omnihus
992 1469 1205 1540 manifestum
1222 1489 1323 1559 appa·

258 1583 351 1654 rebat
364 1584 486 1652 instare
500 1582 588 1651 diem
600 1603 676 1651 eum
687 1582 722 1650 id
734 1594 821 1652 certo
836 1585 939 1654 fieret.

302 1699 377 1768 Jam
400 1698 489 1768 enim
513 1697 629 1766 Photio
649 1697 790 1768 Basilius
814 1699 1003 1789 imperator,
1026 1707 1152 1770 mutato
1173 1703 1321 1790 consilio,

258 1814 396 1900 favebat,
418 1833 560 1902 eumque
583 1815 624 1882 ab
648 1814 758 1883 exsilio
785 1815 939 1884 reducem
961 1816 997 1883 in
1022 1817 1093 1904 ipsa
1114 1818 1206 1904 regia
1229 1819 1323 1886 collo-

260 1928 425 2000 caverat⁴.
460 1929 533 1998 Jam
559 1929 727 1998 Romanos
757 1930 893 1999 diversis
928 1930 1054 2000 artibus
1091 1932 1322 2022 sollicitabat⁵;

260 2055 355 2135 atque
384 2048 469 2115 ultro
499 2046 695 2135 legationem
730 2065 749 2116 a
782 2066 913 2116 summo
940 2049 1092 2138 pontifice
1125 2046 1324 2138 elllagltave·

259 2157 344 2251 rat⁰‚
370 2183 519 2254 sperans,
539 2160 573 2232 id
594 2163 680 2254 quod
708 2183 792 2252 saepe
818 2163 990 2252 acciderat,
1017 2185 1076 2253 per
1099 2165 1178 2235 istos
1200 2167 1323 2252 legatos

291 2432 316 2481 l.
330 2430 363 2482 V.
375 2428 490 2479 iohannis
500 2428 559 2478 Vlll
570 2429 652 2493 Epist.
668 2428 703 2478 od
716 2429 841 2493 Domcqoi
852 2427 946 2494 (Neues
955 2429 1060 2494 Archiv,
1074 2436 1094 2483 t.
1105 2431 1137 2494 V,
1149 2445 1174 2497 p.
1185 2433 1241 2496 att,
1253 2447 1279 2482 n.
1289 2431 1322 2498 t),

260 2515 285 2560 et
298 2511 381 2576 Epist.
396 2509 432 2559 nd
443 2508 567 2559 Basiliam
581 2510 670 2574 imper.
683 2507 766 2572 (ibid,
779 2523 806 2574 p.
818 2511 873 2572 309,
888 2524 912 2562 n.
928 2511 979 2575 dil.

289 2587 592 2650 carpentoractense
608 2589 746 2653 episcopum
763 2588 900 2640 Ostiensem
920 2595 945 2639 et
963 2590 1065 2640 Paulum
1079 2591 1258 2642 Anconitanum
1272 2592 1320 2657 epi·

260 2683 369 2734 scopum,
390 2668 434 2733 qni
454 2667 598 2733 Byzantium
618 2668 718 2731 proiecti
740 2674 796 2718 sunt
817 2683 873 2719 cum
895 2669 983 2720 litteris
1003 2670 1148 2735 apostolicis,
1167 2670 1231 2721 datis
1244 2685 1323 2723 manas

257 2749 333 2816 aprili
347 2765 371 2800 e.
384 2751 438 2801 ala.
452 2749 484 2800 V.
498 2748 591 2811 iligna,
608 2754 629 2798 t.
644 2749 753 2811 CXXVI,
774 2763 813 2812 ep.
829 2750 950 2812 loa-1133
964 2750 1036 2815 taut,
1050 2765 1077 2801 n.
1090 2753 1239 2804 3130-3135.

289 2833 314 2882 3.
331 2828 383 2882 «ai
396 2828 549 2894 pertinaciter
568 2828 592 2876 in
613 2828 658 2878 hac
672 2827 890 2892 indisciplinatione
906 2836 980 2895 atque
1000 2829 1138 2896 pervasione
1154 2829 1322 2896 permanserit,

259 2909 420 2975 etepiacopos
438 2914 464 2959 et
481 2913 597 2972 quotquot
610 2906 658 2956 illic
676 2907 712 2971 (in
730 2906 851 2972 Balgaria)
863 2908 902 2958 rel
914 2909 948 2958 illi
964 2908 1003 2959 rel
1018 2915 1045 2959 tu
1058 2923 1211 2960 consecrasse
1227 2910 1323 2974 rideris,

259 2991 323 3040 lorea
334 2989 399 3038 illinc
410 2988 489 3038 minua
504 2986 632 3051 expuleris,
645 2987 816 3050 omnipotentis
829 2987 875 3038 Dei
890 2989 980 3052 judicio
992 2996 1017 3039 et
1027 2989 1152 3040 beatorum
1165 2989 1323 3054 apostoloram

259 3070 394 3135 principum
403 3067 546 3119 austeritate
557 3073 690 3132 nostraque
698 3067 869 3118 mediocritatis
878 3069 1007 3133 sententia,
1016 3069 1081 3118 omni
1091 3070 1265 3134 patriarchatus
1275 3075 1324 3120 este

259 3149 385 3212 dignitate,
397 3161 470 3213 quam
482 3147 563 3197 levore
571 3152 651 3196 nostro
665 3161 798 3212 receperas,
808 3147 901 3198 alienus
913 3154 938 3200 et
951 3163 1041 3211 exsors,
1051 3148 1117 3200 nullo
1127 3151 1224 3214 penitus
1234 3149 1322 3200 summl

260 3228 383 3280 sacerdotii
398 3227 524 3292 privilegio
543 3221 657 3291 praeditus
675 3226 713 3278 rel
730 3229 856 3291 potitur.»
876 3229 993 3279 Jehannir
1007 3230 1064 3280 Vlll
1085 3229 1170 3295 Epist.
1190 3229 1229 3282 cd
1249 3231 1325 3296 iprae·

261 3309 325 3360 tium
334 3307 510 3373 patriacham
524 3307 627 3370 (Migns,
643 3314 663 3357 t.
676 3308 786 3368 CXXVI,
802 3324 826 3374 p.
839 3310 904 3373 lul).

291 3391 315 3440 l.
333 3391 361 3440 V.
374 3389 466 3438 Nicetes
481 3389 564 3440 Vitam
577 3388 674 3453 Ipnotir'
692 3387 787 3452 (oeten,
803 3395 822 3439 t.
837 3389 868 3452 X,
879 3405 904 3454 p.
919 3391 964 3440 rat
974 3389 1017 3454 Β).

291 3472 314 3520 5.
326 3467 443 3518 Basiliam
466 3467 647 3533 imperatorem,
664 3472 692 3518 ut
707 3470 826 3518 Romanoa
838 3468 883 3518 sihi
898 3468 1050 3532 adjungeret,
1067 3470 1164 3520 medem
1181 3475 1245 3520 artes
1266 3485 1325 3536 quer

259 3547 358 3600 Carolus
375 3547 462 3599 Celsus
482 3546 580 3600 solitum
597 3547 789 3612 esseadhihere,
804 3547 890 3612 idest,
908 3563 994 3599 aurum
1012 3556 1037 3600 et
1055 3565 1154 3600 munera
1171 3549 1325 3614 amplissimis

258 3628 352 3680 cirihur
365 3627 539 3691 largiri,exiis
554 3633 721 3692 constatque,
737 3643 760 3678 a.
776 3630 831 3692 885,
851 3629 986 3693 Stephanus
998 3643 1061 3694 pape
1078 3630 1100 3681 V
1116 3629 1146 3679 ad
1166 3629 1324 3682 Theodosium

258 3708 335 3774 spise.
348 3709 505 3761 Orientanum
521 3708 636 3773 scripsit:
650 3708 790 3760 «Fidelium
804 3708 882 3759 relatu
898 3697 1059 3774 comperimus
1070 3709 1176 3776 qualiter
1189 3717 1325 3761 anmcmmr

259 3795 341 3840 noster
353 3803 415 3854 papa
425 3788 543 3840 Adrianus
558 3789 614 3851 (Ill)
627 3793 661 3851 te,
675 3787 805 3848 apostolica
818 3787 939 3851 legatione
954 3789 984 3838 ad
1002 3789 1070 3853 pium
1085 3789 1256 3854 imperatorem
1270 3790 1322 3841 iun·

259 3876 367 3933 genum,
381 3868 612 3933 Constantinopolim
629 3868 687 3918 elim
702 3868 824 3932 direxerit,
842 3870 960 3932 recipiens
975 3870 1107 3919 abactam
1122 3877 1147 3920 et
1158 3868 1253 3921 debitas
1266 3885 1323 3936 pen·

260 3950 348 4016 aiones,
370 3963 443 4015 qaam
461 3956 487 4000 at
505 3948 553 4000 alia
573 3948 634 3999 dona
654 3955 741 4000 nostre
756 3948 861 3999 eeclesia
875 3953 900 4000 et
914 3949 975 4000 eliis
991 3949 1110 4014 fidelihus
1129 3953 1228 4000 nostrie
1247 3951 1278 4000 ah
1297 3959 1323 4002 et

260 4029 359 4081 dimota.
374 4029 442 4081 Unde
455 4030 511 4094 quie
528 4029 573 4080 hoc
596 4028 698 4081 fideliter
719 4035 743 4078 te
761 4028 840 4090 egisse
859 4029 1003 4092 audirimus,
1026 4029 1116 4091 gratias
1135 4030 1258 4082 sanctitati
1277 4035 1324 4082 tna

260 4111 422 4163 referimus.»
438 4112 531 4177 (Neues
542 4109 645 4175 Archiv,
659 4117 678 4160 t.
693 4110 726 4174 V,
740 4125 766 4174 p.
780 4111 836 4172 ton,
848 4123 873 4159 n.
889 4114 918 4168 ις
932 4109 1001 4172 lade,
1016 4124 1041 4159 n.
1054 4111 1136 4176 atus.)

291 4193 316 4242 d.
334 4193 382 4243 Per
392 4192 485 4243 litteras
504 4207 566 4257 qua,
579 4199 606 4242 ut
619 4191 732 4242 credibile
746 4197 792 4252 est,
806 4191 907 4240 Romam
921 4206 944 4242 a.
958 4193 1002 4240 8ll
1017 4190 1095 4240 allatae
1109 4195 1173 4240 sunt.
1187 4191 1220 4243 V.
1235 4190 1322 4241 lohan-

263 4274 301 4325 nia
319 4273 377 4324 Vlll
397 4272 482 4338 Epist.
503 4273 539 4323 ad
548 4271 674 4324 Basiliam
688 4274 778 4336 imper.
796 4271 900 4336 (iligna,
914 4277 934 4326 t.
949 4271 1059 4335 CXXVI,
1071 4283 1111 4334 ep.
1124 4273 1179 4335 tlh,
1194 4283 1221 4335 p.
1233 4271 1323 4336 leth).
