3006 5050
259 457 303 506 1¹0
461 449 698 510 ANASTASIUS
721 325 912 530 wok!
937 450 1122 502 etnuunns

257 597 465 685 prosequitur
483 616 493 663 t
512 621 529 658 e
548 593 635 676 Quin
649 613 724 660 cero
739 590 894 682 quaedum
911 614 951 659 ea
971 592 1064 660 Actis
1082 590 1170 661 beati
1181 595 1329 663 Maximi

256 711 413 780 monachi
433 722 464 778 et
481 708 719 800 discipulorum
731 708 803 797 ejus
817 707 894 776 kuic
907 708 1000 798 operi
1012 730 1162 776 connexu
1173 722 1205 778 et
1217 713 1326 779 couti-

257 839 363 894 nuato
373 825 490 914 reperi,
499 836 530 892 et
539 825 612 915 ipso
620 845 762 914 peraque,
772 823 802 890 si
810 823 879 890 citu
890 846 995 891 comes
1003 824 1118 913 fuerit,
1130 828 1324 916 incensore,

257 945 323 1009 Deo
334 939 501 1032 praeduce,
517 939 655 1008 minime
682 939 839 1007 recusabo
852 940 874 1007 ¹.
888 963 906 1004 u
931 938 1060 1020 Quibus
1074 941 1244 1027 promissis
1257 953 1327 1010 ste-

256 1057 334 1125 tissa
352 1056 573 1142 Anastasium,
592 1064 689 1143 atque
709 1057 778 1123 hec
797 1056 884 1122 Acta
906 1053 1052 1124 Muciani
1067 1056 1224 1146 (quorum
1246 1078 1325 1146 pars

255 1181 326 1240 erat
337 1167 485 1259 ejusdem
499 1168 700 1260 Disputatio)
717 1171 899 1258 paulopost
918 1171 958 1238 dc
972 1168 1092 1239 Grecis
1109 1173 1322 1259 convertisse,

255 1287 397 1376 probant
409 1287 512 1373 ipsius
527 1285 693 1355 Anastasii
709 1306 820 1374 opera,
838 1285 959 1373 quibus
970 1287 1038 1356 haeo
1053 1287 1155 1356 latino
1170 1307 1329 1358 sermone

254 1402 466 1489 interpretata
494 1400 599 1470 adhuc
624 1398 876 1489 continentur²;
902 1422 1092 1489 quanquam
1123 1403 1183 1470 hoc
1212 1402 1325 1490 ipsum

254 1526 381 1598 constat
390 1537 455 1584 non
465 1536 535 1584 esse
545 1515 665 1584 factum
677 1527 752 1584 ante
764 1535 912 1585 mensem
922 1516 1141 1604 septembrem
1150 1517 1231 1585 anni
1242 1519 1323 1605 att,

253 1653 331 1700 oum
357 1632 413 1700 illa
442 1631 483 1699 ad
511 1631 701 1719 episcopum
730 1629 949 1699 Narniensem
979 1631 1126 1719 epistola,
1154 1653 1221 1719 qua
1234 1634 1323 1702 Ana·

255 1746 374 1816 stasius
384 1767 419 1815 se
432 1749 668 1815 translaturum
682 1744 945 1836 Disputationem
960 1745 1106 1816 Maximi
1114 1748 1321 1837 promiserat,

255 1863 331 1931 data
343 1862 385 1931 sit
401 1861 578 1930 «iohanne
590 1881 673 1950 papa
687 1861 775 1949 vul,
787 1861 966 1930 indictione
979 1861 1149 1930 ocuvau.
1163 1866 1236 1932 Jam
1247 1884 1324 1933 vero

255 1978 326 2066 qui,
342 1999 429 2046 anno
442 1979 519 2066 865,
530 1977 655 2046 Nicolai
669 1977 860 2046 auctoritate
871 1986 904 2046 et
917 1978 1064 2065 nomine,
1074 1979 1114 2046 ad
1128 1977 1324 2048 Michaelcm

255 2094 485 2183 imperatorem
498 2093 641 2180 scripsit,
650 2094 734 2160 hanc
748 2091 1014 2183 Disputationem
1027 2093 1171 2162 Maximi
1183 2095 1321 2182 legerat,

255 2229 393 2297 eamque
407 2207 559 2277 laudabat
572 2209 622 2276 his
631 2185 742 2276 ¹verbis
757 2227 767 2276 ε
781 2231 797 2272 n
807 2207 896 2285 Ouid
902 2207 1016 2275 Latini
1027 2209 1198 2300 Graecique
1212 2208 1325 2276 docto-

254 2345 305 2391 res
333 2322 411 2391 irinc
438 2333 624 2410 exportant,
650 2320 734 2412 quid
760 2320 901 2414 denique
930 2323 1100 2391 Maximus
1125 2324 1324 2392 uenerabilis

254 2437 451 2519 monoclero,
477 2448 509 2504 et
526 2435 562 2504 in
579 2437 635 2505 illc
648 2449 792 2529 tempore
804 2436 900 2528 opud
911 2459 969 2506 vos
976 2461 1062 2530 pene
1077 2438 1165 2507 solus
1186 2439 1324 2508 curtati-

253 2573 324 2639 cus,
340 2551 376 2618 in
392 2549 625 2644 disceptatione
648 2574 711 2619 suu
721 2552 904 2643 perhibeat,
932 2553 1091 2639 quoniam
1107 2555 1247 2645 tanqum
1273 2567 1323 2624 est

254 2667 406 2755 scribere,
423 2667 624 2759 interroqnte
641 2668 797 2755 seniores,
815 2668 878 2760 qui
890 2680 1001 2736 tumen
1015 2668 1160 2738 moribus
1179 2669 1323 2738 seniores

253 2784 331 2873 sint,
353 2796 384 2852 et
397 2783 505 2852 dicent
517 2783 638 2852 cobis⁴.
654 2807 671 2849 n

298 2898 458 2968 Praeterea
492 2901 612 2968 harum
646 2899 830 2967 litterarum
863 2899 1013 2989 scriptor,
1048 2899 1114 2968 nisi
1150 2899 1323 2987 Theopha-

255 3035 329 3082 nem
359 3023 416 3083 aut
440 3015 582 3102 aliquem
607 3014 721 3103 alium,
737 3014 794 3102 qui
821 3014 933 3083 Roma
956 3025 1029 3082 tum
1048 3024 1144 3102 esset,
1163 3014 1321 3104 Byzanti-

254 3148 336 3196 num
356 3129 548 3198 historicum
569 3149 673 3218 graece
693 3131 784 3218 legit,
800 3130 851 3199 vix
871 3131 1066 3218 intelligitur
1086 3132 1249 3219 quomodo
1266 3151 1319 3202 res

254 3240 450 3330 Byzantinos
477 3245 578 3313 seculi
599 3246 680 3313 noni
706 3245 853 3314 ineuntis
874 3266 911 3313 ac
933 3247 1075 3315 maxime
1094 3249 1179 3315 hanc
1200 3248 1320 3315 urbem

253 3356 437 3446 aBulgaris
454 3360 620 3427 obsessam
648 3359 785 3448 ejusque
810 3359 962 3429 suburbii
982 3361 1133 3430 incensas
1153 3361 1317 3450 eeclesias,

253 3485 321 3542 tam
350 3475 589 3571 accommodate
611 3475 652 3542 ad
675 3475 844 3544 veritatem
871 3474 1095 3547 indicaverit⁶.
1123 3475 1217 3558 Quod
1239 3497 1320 3548 sane

253 3611 319 3658 non
343 3589 465 3656 mirum
486 3589 583 3656 estin
598 3589 784 3678 Anastasio,
802 3591 860 3679 qui
875 3590 1106 3679 Theophanem
1130 3613 1198 3661 non
1219 3593 1319 3662 modo

253 3705 290 3772 in
321 3703 475 3773 manibus
502 3703 632 3793 habuit,
664 3705 720 3774 sed
756 3726 833 3774 eum
862 3705 988 3793 primus
1016 3707 1160 3796 aliosque
1188 3707 1317 3778 Graecos

284 3920 307 3966 t.
325 3917 417 3982 Migne,
432 3922 452 3966 t.
467 3917 577 3980 cxxiii,
594 3931 619 3982 p.
633 3915 718 3966 tet-o.

284 3997 308 4046 2.
326 3997 418 4058 migne,
428 3997 500 4061 inid„
514 4013 538 4062 p.
551 3999 595 4048 625
609 4011 663 4061 sqq.

284 4077 308 4124 3.
326 4077 418 4138 Migne,
433 4077 504 4140 ibid„
518 4094 543 4143 p.
555 4079 601 4128 586
615 4078 644 4128 C.

284 4155 415 4297 ὶὲἶξὲἷοίαἰ
439 4159 523 4223 Epist.
547 4159 584 4208 nd
597 4157 746 4210 Mr'ciraetem
773 4156 864 4221 imper.
879 4159 977 4222 (coleti,
997 4165 1017 4212 t.
1034 4162 1078 4224 IX,
1100 4175 1126 4227 p.
1149 4163 1224 4224 {itit
1247 4161 1318 4222 rme,

254 4246 279 4281 n.
368 4268 376 4282 .

286 4313 310 4361 5.
327 4311 360 4363 V.
373 4312 443 4376 inira,
460 4329 483 4378 p.
499 4320 553 4366 tit.
