3006 5050
624 1151 758 1266 'IV

288 1369 490 1422 adessemus
516 1368 651 1418 NICOLAI
677 1369 691 1416 Ι
716 1369 880 1420 omenes
907 1371 949 1420 ΕΤ
978 1371 1166 1424 COMPOSUIT

620 1513 663 1561 ΕΤ
686 1510 844 1562 ΒΙΟΤΔἯΤ

192 1727 215 1776 1.
235 1725 301 1775 Num
315 1723 360 1788 ipsi
374 1723 474 1774 Romani
491 1722 625 1786 pontifices,
646 1722 726 1773 seculo
746 1736 818 1783 nono,
832 1723 924 1773 litteras
938 1737 993 1774 suos
1016 1726 1113 1775 notariis
1136 1725 1263 1792 dictarent,

230 1804 353 1870 queritur.
375 1829 406 1842 -
425 1805 459 1854 ll.
487 1804 524 1853 De
543 1802 643 1853 Nicolso
662 1803 672 1853 l
691 1817 734 1852 cer
758 1804 790 1853 sit
807 1802 904 1853 maximi
926 1804 1040 1854 momenti
1060 1805 1112 1855 baec
1133 1806 1264 1870 indagatio.

228 1909 262 1924 -
275 1885 320 1935 Ill.
339 1884 509 1948 Quaecumque,
531 1882 624 1933 Nicdlsi
642 1884 652 1932 l
669 1884 766 1933 nomine
784 1889 810 1934 et
828 1883 976 1948 auctoritate,
1003 1884 1033 1934 de
1055 1899 1126 1936 causa
1147 1887 1265 1938 Pbotlsna

226 1964 319 2028 scripta
331 1969 394 2027 suut,
406 1963 457 2012 hec
475 1963 627 2012 Anastasium
641 1967 666 2012 et
681 1962 844 2028 proposuisse,
859 1968 884 2014 et
897 1963 1040 2028 elaborasse,
1058 1971 1083 2014 et
1098 1967 1265 2030 conscripsisse

229 2043 353 2106 probatur.
368 2042 452 2094 -1v.
467 2041 535 2092 Idem
546 2042 640 2092 dicetur
654 2057 751 2093 necesse
763 2048 800 2092 est
814 2043 844 2092 de
859 2041 957 2108 reliquis
968 2043 1076 2105 ejusdem
1090 2059 1158 2108 pepo
1168 2045 1265 2096 litteris.

231 2149 260 2161 -
269 2124 301 2173 V.
316 2124 371 2174 Una
384 2128 466 2172 tameo
476 2122 616 2187 excipiendo
625 2128 662 2174 est
675 2121 789 2188 epistols3
804 2138 833 2174 ex
848 2136 898 2188 quo
913 2123 937 2174 id
950 2124 1024 2174 etlam
1035 2125 1192 2175 confirmetur
1201 2125 1264 2190 quod

231 2203 261 2252 de
270 2209 320 2254 toto
334 2217 423 2265 genere
434 2201 548 2252 diximus.

244 2391 272 2460 Ι.
297 2391 413 2460 Fuisse
425 2391 573 2480 quidem,
588 2389 719 2460 Nicolao
728 2413 810 2482 papa
820 2392 849 2478 1,
859 2394 1001 2463 notarios
1013 2393 1265 2484 scriniariosque

196 2506 341 2576 ecclesie
354 2504 541 2592 Romanae¹,
557 2504 627 2591 qui,
644 2505 765 2572 summi
788 2506 950 2594 pontificis
968 2508 1078 2598 jussu,
1098 2510 1265 2598 privilegia

184 2620 312 2696 ,omnia
327 2621 454 2708 aliaque
466 2619 501 2688 id
515 2640 620 2707 genus
638 2619 857 2692 instrumenta
880 2622 1072 2712 scriberent,
1088 2625 1124 2692 in
1145 2625 1268 2713 discep

199 2736 360 2805 tationem
383 2735 494 2805 venire
521 2735 647 2822 nequit,
672 2754 748 2803 oum
771 2739 875 2806 multo
900 2737 1061 2826 ejusmodi
1083 2738 1189 2806 adbuc
1214 2760 1267 2808 ex-

199 2860 302 2937 stent,
311 2851 347 2918 in
363 2849 482 2940 quibus
492 2851 560 2918 hooc
574 2849 643 2940 ipsu
656 2851 886 2938 scripturoanu
896 2853 1098 2922 notariorum
1113 2851 1268 2922 dicuntur

197 2968 305 3055 Petri,
318 2964 648 3053 Sophronii,Leonis,
661 2965 851 3035 Zachariet
866 2966 981 3055 Neque
990 2969 1268 3038 controversiaest

194 3083 283 3180 quin
298 3081 421 3150 eisdem
434 3081 569 3150 notariis
583 3083 644 3150 boo
658 3081 758 3149 etium
772 3080 870 3150 luerit
884 3101 1019 3170 monne,
1035 3093 1072 3152 ut
1085 3093 1268 3154 ceterarum

198 3219 332 3288 quoque
343 3198 554 3285 epistolarum
569 3196 609 3266 de
630 3198 729 3266 rebus
747 3197 949 3284 quibuslibet
966 3199 1141 3269 missarum
1159 3212 1268 3271 trans-

200 3313 358 3382 cribenda
374 3313 518 3401 exempla
538 3319 703 3400 curarent,
728 3333 793 3400 quo
813 3313 882 3400 illa,
898 3323 1023 3383 servata
1044 3315 1148 3386 forma
1166 3318 1201 3385 in
1221 3317 1268 3387 eis

237 3530 259 3576 1.
275 3527 319 3578 1113
336 3526 474 3576 nominibus
491 3525 583 3576 duobus
603 3531 656 3574 tum
669 3523 754 3574 eadem
775 3539 876 3588 persona
892 3525 1084 3588 significabatur.
1109 3530 1142 3581 V.
1163 3530 1269 3589 necessa

201 3607 293 3658 Leonis
303 3608 339 3657 lV
350 3605 429 3672 (labb,
440 3620 465 3670 p.
481 3606 547 3669 329),
555 3604 681 3655 Benedicti
695 3605 729 3654 lll
744 3603 824 3668 (ibid.,
839 3619 864 3669 p.
879 3607 946 3670 339),
958 3608 1068 3659 Ν1331311
1080 3607 1162 3673 (ibid.,
1169 3622 1193 3672 p.
1202 3607 1268 3670 311),

200 3686 319 3738 Hadriani
333 3689 355 3737 ll
371 3686 450 3751 (ibid.,
464 3701 487 3748 p.
503 3686 569 3750 368),
582 3683 699 3735 Johauuis
710 3681 860 3748 Vlll(ibid.‚
874 3701 899 3749 p.
913 3686 979 3751 316).

236 3769 261 3816 2.
278 3765 394 3828 131363,
409 3781 434 3830 p.
450 3767 504 3815 311.
519 3763 670 3816 omniafere
683 3762 810 3826 privilegis
828 3770 854 3814 et
867 3765 954 3816 littero
972 3755 1065 3817 Nicolal
1081 3768 1090 3817 1
1105 3765 1169 3830 apud
1185 3765 1270 3826 Missne

199 3846 270 3896 edita
282 3851 346 3908 sunt,
359 3851 451 3896 servato
465 3844 614 3909 aliquatenus
628 3849 762 3907 temporum
776 3844 853 3905 grsdu
872 3846 911 3906 (P.
926 3847 965 3909 6.,
977 3852 996 3898 t.
1009 3847 1109 3909 CXIX);
1125 3851 1270 3910 quapropter

200 3927 236 3977 ud
249 3925 313 3975 bunc
329 3931 422 3976 tamrnn
436 3930 470 3988 te,
490 3923 573 3988 lector,
593 3923 734 3988 plerumque
755 3923 845 3986 rejicio.
869 3925 938 3984 Quod
953 3926 973 3974 si
986 3931 1068 3975 temen
1085 3924 1115 3974 de
1133 3924 1222 3974 litteris
1239 3925 1270 3975 ed

199 4004 339 4058 orientales
366 4005 461 4070 scriptis
483 4004 573 4066 agitur,
595 4003 671 4053 Goleti
694 4008 747 4054 utor
764 4001 879 4054 libentius
899 4005 937 4070 (r.
961 4005 1127 4054 socrosancta
1153 4004 1269 4069 33331613,

200 4093 222 4136 t.
240 4086 284 4146 lx,
303 4100 329 4150 p.
353 4087 433 4149 1239),
449 4084 514 4149 apud
533 4097 606 4148 quem
623 4080 675 4132 illas
696 4097 779 4132 omues
803 4083 915 4148 reperies,
938 4083 1021 4133 eodem
1037 4083 1121 4134 ordine
1139 4083 1271 4151 descriptas

199 4179 253 4230 quo
268 4165 327 4228 ipsae
347 4164 464 4215 inunum
484 4168 612 4228 compactae
631 4162 794 4212 Orientalibus
813 4162 955 4227 patriarchis
972 4162 1051 4212 misse
1070 4170 1135 4214 sunt.
1155 4166 1186 4217 V.
1207 4167 1271 4216 For-

199 4259 303 4295 mosum
316 4259 407 4309 meum,
422 4261 447 4311 p.
462 4246 527 4295 52-3.
542 4244 656 4294 Ceterum
671 4257 727 4293 oum
741 4242 800 4292 item
819 4242 849 4292 ad
865 4244 971 4314 deposta
990 4243 1036 4294 Pb.
1052 4243 1113 4295 Jafft
1126 4245 1271 4312 plerumque

200 4325 313 4389 rejiciam
325 4326 451 4391 (deposta,
464 4329 494 4377 2³
505 4323 556 4387 ed„
573 4339 599 4388 p.
615 4325 642 4373 31
648 4323 738 4387 1368),
750 4321 831 4373 nullus
844 4328 882 4372 est
891 4323 1028 4374 inveniendi
1040 4323 1115 4376 labor.
