<?xml version="1.0" encoding="UTF-8"?>
<!DOCTYPE html PUBLIC "-//W3C//DTD XHTML 1.0 Transitional//EN"
    "http://www.w3.org/TR/xhtml1/DTD/xhtml1-transitional.dtd">
<html xmlns="http://www.w3.org/1999/xhtml" xml:lang="en" lang="en">
 <head>
  <title>
</title>
<meta http-equiv="Content-Type" content="text/html;charset=utf-8" />
  <meta name='ocr-system' content='tesseract 3.04.00' />
  <meta name='ocr-capabilities' content='ocr_page ocr_carea ocr_par ocr_line ocrx_word'/>
</head>
<body>
  <div class='ocr_page' id='page_1' title='image "./deanastasiobibl00lapgoog_0113.png"; bbox 0 0 3006 5050; ppageno 0'>
   <div class='ocr_carea' id='block_1_1' title="bbox 266 451 1125 516">
    <p class='ocr_par' dir='ltr' id='par_1_1' title="bbox 266 451 1125 516">
     <span class='ocr_line' id='line_1_1' title="bbox 266 451 1125 516; baseline 0.001 -14"><span class='ocrx_word' id='word_1_1' title='bbox 266 454 311 502; x_wconf 82' lang='lat' dir='ltr'>tto</span> <span class='ocrx_word' id='word_1_2' title='bbox 467 452 703 505; x_wconf 66' lang='lat' dir='ltr'>rotselmus</span> <span class='ocrx_word' id='word_1_3' title='bbox 725 452 882 503; x_wconf 82' lang='lat' dir='ltr'>Ntootltt</span> <span class='ocrx_word' id='word_1_4' title='bbox 905 453 915 502; x_wconf 96' lang='lat' dir='ltr'>l</span> <span class='ocrx_word' id='word_1_5' title='bbox 941 451 1125 516; x_wconf 79' lang='lat' dir='ltr'>LITTERAS</span> 
     </span>
    </p>
   </div>
   <div class='ocr_carea' id='block_1_2' title="bbox 180 593 1332 2643">
    <p class='ocr_par' dir='ltr' id='par_1_2' title="bbox 180 593 1332 1374">
     <span class='ocr_line' id='line_1_2' title="bbox 180 593 1332 684; baseline 0 -19"><span class='ocrx_word' id='word_1_6' title='bbox 180 630 186 642; x_wconf 93' lang='lat'><strong>·</strong></span> <span class='ocrx_word' id='word_1_7' title='bbox 264 593 1332 684; x_wconf 53' lang='lat' dir='ltr'>mmmwmfflmmmmmmmmffimmmi</span> 
     </span>
     <span class='ocr_line' id='line_1_3' title="bbox 263 708 1329 801; baseline 0.001 -22"><span class='ocrx_word' id='word_1_8' title='bbox 263 708 1329 801; x_wconf 51' lang='lat' dir='ltr'>fifflmffifflmmwmmfflmmmmffimffi</span> 
     </span>
     <span class='ocr_line' id='line_1_4' title="bbox 262 825 1330 915; baseline 0.002 -21"><span class='ocrx_word' id='word_1_9' title='bbox 262 845 347 913; x_wconf 84' lang='lat' dir='ltr'>quae,</span> <span class='ocrx_word' id='word_1_10' title='bbox 357 845 470 895; x_wconf 91' lang='lat' dir='ltr'>mense</span> <span class='ocrx_word' id='word_1_11' title='bbox 481 825 575 915; x_wconf 92' lang='lat' dir='ltr'>aprili</span> <span class='ocrx_word' id='word_1_12' title='bbox 584 827 664 894; x_wconf 92' lang='lat' dir='ltr'>anni</span> <span class='ocrx_word' id='word_1_13' title='bbox 673 825 885 914; x_wconf 64' lang='lat' dir='ltr'>sottumed</span> <span class='ocrx_word' id='word_1_14' title='bbox 895 826 1048 894; x_wconf 86' lang='lat' dir='ltr'>Carolum</span> <span class='ocrx_word' id='word_1_15' title='bbox 1058 828 1192 896; x_wconf 84' lang='lat' dir='ltr'>Calvum</span> <span class='ocrx_word' id='word_1_16' title='bbox 1202 838 1276 896; x_wconf 89' lang='lat' dir='ltr'>tum</span> <span class='ocrx_word' id='word_1_17' title='bbox 1286 829 1330 896; x_wconf 91' lang='lat' dir='ltr'>ad</span> 
     </span>
     <span class='ocr_line' id='line_1_5' title="bbox 262 937 1329 1030; baseline 0.003 -22"><span class='ocrx_word' id='word_1_18' title='bbox 262 937 494 1010; x_wconf 87' lang='lat' dir='ltr'>Hludowicum</span> <span class='ocrx_word' id='word_1_19' title='bbox 509 939 742 1010; x_wconf 88' lang='lat' dir='ltr'>Germanicum</span> <span class='ocrx_word' id='word_1_20' title='bbox 756 950 806 1010; x_wconf 90' lang='lat' dir='ltr'>est</span> <span class='ocrx_word' id='word_1_21' title='bbox 819 942 930 1030; x_wconf 91' lang='lat' dir='ltr'>missa,</span> <span class='ocrx_word' id='word_1_22' title='bbox 947 943 1005 1010; x_wconf 92' lang='lat' dir='ltr'>has</span> <span class='ocrx_word' id='word_1_23' title='bbox 1020 943 1157 1026; x_wconf 77' lang='lat' dir='ltr'><strong>litteras,</strong></span> <span class='ocrx_word' id='word_1_24' title='bbox 1171 942 1329 1030; x_wconf 92' lang='lat' dir='ltr'>exipsius</span> 
     </span>
     <span class='ocr_line' id='line_1_6' title="bbox 261 1056 1328 1144; baseline 0.003 -21"><span class='ocrx_word' id='word_1_25' title='bbox 261 1056 433 1125; x_wconf 83' lang='lat' dir='ltr'>scribentis</span> <span class='ocrx_word' id='word_1_26' title='bbox 447 1056 660 1144; x_wconf 83' lang='lat' dir='ltr'>confessione,</span> <span class='ocrx_word' id='word_1_27' title='bbox 677 1078 742 1125; x_wconf 90' lang='lat' dir='ltr'>non</span> <span class='ocrx_word' id='word_1_28' title='bbox 759 1077 829 1126; x_wconf 86' lang='lat' dir='ltr'>esse</span> <span class='ocrx_word' id='word_1_29' title='bbox 845 1077 937 1126; x_wconf 91' lang='lat' dir='ltr'>more</span> <span class='ocrx_word' id='word_1_30' title='bbox 959 1058 1052 1126; x_wconf 93' lang='lat' dir='ltr'>solito</span> <span class='ocrx_word' id='word_1_31' title='bbox 1076 1056 1248 1141; x_wconf 88' lang='lat' dir='ltr'>confectas,</span> <span class='ocrx_word' id='word_1_32' title='bbox 1269 1060 1328 1126; x_wconf 90' lang='lat' dir='ltr'>sed</span> 
     </span>
     <span class='ocr_line' id='line_1_7' title="bbox 262 1171 1329 1261; baseline 0.004 -22"><span class='ocrx_word' id='word_1_33' title='bbox 262 1191 395 1239; x_wconf 90' lang='lat' dir='ltr'>causam</span> <span class='ocrx_word' id='word_1_34' title='bbox 416 1192 487 1240; x_wconf 91' lang='lat' dir='ltr'>esse</span> <span class='ocrx_word' id='word_1_35' title='bbox 513 1171 601 1260; x_wconf 88' lang='lat' dir='ltr'>quod</span> <span class='ocrx_word' id='word_1_36' title='bbox 623 1181 695 1239; x_wconf 91' lang='lat' dir='ltr'>tum</span> <span class='ocrx_word' id='word_1_37' title='bbox 722 1172 884 1240; x_wconf 85' lang='lat' dir='ltr'>scriniarii</span> <span class='ocrx_word' id='word_1_38' title='bbox 908 1171 1062 1259; x_wconf 88' lang='lat' dir='ltr'>Romani,</span> <span class='ocrx_word' id='word_1_39' title='bbox 1088 1184 1219 1261; x_wconf 88' lang='lat' dir='ltr'>propter</span> <span class='ocrx_word' id='word_1_40' title='bbox 1244 1173 1329 1243; x_wconf 84' lang='lat' dir='ltr'>festu</span> 
     </span>
     <span class='ocr_line' id='line_1_8' title="bbox 262 1285 833 1374; baseline 0 -20"><span class='ocrx_word' id='word_1_41' title='bbox 262 1286 437 1374; x_wconf 89' lang='lat' dir='ltr'>paschalia,</span> <span class='ocrx_word' id='word_1_42' title='bbox 453 1285 524 1354; x_wconf 89' lang='lat' dir='ltr'>aliis</span> <span class='ocrx_word' id='word_1_43' title='bbox 536 1287 635 1355; x_wconf 90' lang='lat' dir='ltr'>rebus</span> <span class='ocrx_word' id='word_1_44' title='bbox 647 1297 798 1356; x_wconf 85' lang='lat' dir='ltr'>vacarent</span> <span class='ocrx_word' id='word_1_45' title='bbox 809 1286 833 1354; x_wconf 87' lang='lat'>¹.</span> 
     </span>
    </p>

    <p class='ocr_par' dir='ltr' id='par_1_3' title="bbox 258 1401 1328 2392">
     <span class='ocr_line' id='line_1_9' title="bbox 305 1401 1326 1491; baseline 0.002 -22"><span class='ocrx_word' id='word_1_46' title='bbox 305 1403 351 1469; x_wconf 86' lang='lat' dir='ltr'>At</span> <span class='ocrx_word' id='word_1_47' title='bbox 372 1401 408 1469; x_wconf 94' lang='lat' dir='ltr'>in</span> <span class='ocrx_word' id='word_1_48' title='bbox 430 1403 607 1491; x_wconf 89' lang='lat' dir='ltr'>quaestione</span> <span class='ocrx_word' id='word_1_49' title='bbox 621 1411 767 1470; x_wconf 87' lang='lat' dir='ltr'>versatur</span> <span class='ocrx_word' id='word_1_50' title='bbox 786 1413 899 1471; x_wconf 91' lang='lat' dir='ltr'>utrum</span> <span class='ocrx_word' id='word_1_51' title='bbox 914 1403 1089 1488; x_wconf 90' lang='lat' dir='ltr'>scriniarii,</span> <span class='ocrx_word' id='word_1_52' title='bbox 1105 1403 1175 1491; x_wconf 93' lang='lat' dir='ltr'>ipso</span> <span class='ocrx_word' id='word_1_53' title='bbox 1189 1403 1326 1471; x_wconf 88' lang='lat' dir='ltr'>Nicolao</span> 
     </span>
     <span class='ocr_line' id='line_1_10' title="bbox 262 1516 1325 1605; baseline 0.001 -20"><span class='ocrx_word' id='word_1_54' title='bbox 262 1517 303 1585; x_wconf 90' lang='lat' dir='ltr'>ad</span> <span class='ocrx_word' id='word_1_55' title='bbox 321 1517 458 1586; x_wconf 90' lang='lat' dir='ltr'>verbum</span> <span class='ocrx_word' id='word_1_56' title='bbox 478 1516 619 1586; x_wconf 78' lang='lat' dir='ltr'>dictante</span> <span class='ocrx_word' id='word_1_57' title='bbox 634 1527 690 1586; x_wconf 92' lang='lat' dir='ltr'>aut</span> <span class='ocrx_word' id='word_1_58' title='bbox 704 1517 818 1586; x_wconf 90' lang='lat' dir='ltr'>saltem</span> <span class='ocrx_word' id='word_1_59' title='bbox 833 1537 884 1586; x_wconf 92' lang='lat' dir='ltr'>res</span> <span class='ocrx_word' id='word_1_60' title='bbox 899 1517 1089 1586; x_wconf 87' lang='lat' dir='ltr'>summatim</span> <span class='ocrx_word' id='word_1_61' title='bbox 1104 1518 1325 1605; x_wconf 85' lang='lat' dir='ltr'>significante,</span> 
     </span>
     <span class='ocr_line' id='line_1_11' title="bbox 260 1632 1325 1721; baseline 0.001 -20"><span class='ocrx_word' id='word_1_62' title='bbox 260 1632 410 1721; x_wconf 82' lang='lat' dir='ltr'>epistolas</span> <span class='ocrx_word' id='word_1_63' title='bbox 438 1632 507 1701; x_wconf 91' lang='lat' dir='ltr'>illas</span> <span class='ocrx_word' id='word_1_64' title='bbox 540 1633 720 1701; x_wconf 92' lang='lat' dir='ltr'>scriberent</span> <span class='ocrx_word' id='word_1_65' title='bbox 759 1643 856 1720; x_wconf 89' lang='lat' dir='ltr'>atque</span> <span class='ocrx_word' id='word_1_66' title='bbox 891 1635 1099 1720; x_wconf 87' lang='lat' dir='ltr'>conticerent,</span> <span class='ocrx_word' id='word_1_67' title='bbox 1133 1655 1175 1701; x_wconf 94' lang='lat' dir='ltr'>an</span> <span class='ocrx_word' id='word_1_68' title='bbox 1205 1643 1325 1721; x_wconf 77' lang='lat' dir='ltr'>praeter</span> 
     </span>
     <span class='ocr_line' id='line_1_12' title="bbox 258 1747 1323 1836; baseline 0.002 -20"><span class='ocrx_word' id='word_1_69' title='bbox 258 1747 343 1834; x_wconf 91' lang='lat' dir='ltr'>illos,</span> <span class='ocrx_word' id='word_1_70' title='bbox 372 1769 448 1816; x_wconf 90' lang='lat' dir='ltr'>cum</span> <span class='ocrx_word' id='word_1_71' title='bbox 468 1748 609 1817; x_wconf 81' lang='lat' dir='ltr'>maxime</span> <span class='ocrx_word' id='word_1_72' title='bbox 624 1758 775 1834; x_wconf 82' lang='lat' dir='ltr'>ageretur</span> <span class='ocrx_word' id='word_1_73' title='bbox 791 1748 830 1816; x_wconf 92' lang='lat' dir='ltr'>de</span> <span class='ocrx_word' id='word_1_74' title='bbox 842 1769 878 1816; x_wconf 93' lang='lat' dir='ltr'>re</span> <span class='ocrx_word' id='word_1_75' title='bbox 893 1748 984 1835; x_wconf 85' lang='lat' dir='ltr'>gravi</span> <span class='ocrx_word' id='word_1_76' title='bbox 1000 1758 1056 1816; x_wconf 94' lang='lat' dir='ltr'>aut</span> <span class='ocrx_word' id='word_1_77' title='bbox 1075 1750 1261 1836; x_wconf 81' lang='lat' dir='ltr'>pertinente</span> <span class='ocrx_word' id='word_1_78' title='bbox 1283 1751 1323 1818; x_wconf 90' lang='lat' dir='ltr'>ad</span> 
     </span>
     <span class='ocr_line' id='line_1_13' title="bbox 260 1863 1327 1951; baseline 0.002 -20"><span class='ocrx_word' id='word_1_79' title='bbox 260 1863 508 1932; x_wconf 89' lang='lat' dir='ltr'>ecclesiasticam</span> <span class='ocrx_word' id='word_1_80' title='bbox 523 1863 752 1951; x_wconf 88' lang='lat' dir='ltr'>eruditionem,</span> <span class='ocrx_word' id='word_1_81' title='bbox 773 1873 857 1931; x_wconf 90' lang='lat' dir='ltr'>esset</span> <span class='ocrx_word' id='word_1_82' title='bbox 876 1863 992 1951; x_wconf 91' lang='lat' dir='ltr'>aliquis</span> <span class='ocrx_word' id='word_1_83' title='bbox 1005 1863 1232 1934; x_wconf 89' lang='lat' dir='ltr'>Romanorum</span> <span class='ocrx_word' id='word_1_84' title='bbox 1247 1864 1327 1933; x_wconf 88' lang='lat' dir='ltr'>doc·</span> 
     </span>
     <span class='ocr_line' id='line_1_14' title="bbox 260 1977 1327 2067; baseline 0 -19"><span class='ocrx_word' id='word_1_85' title='bbox 260 1978 336 2060; x_wconf 84' lang='lat' dir='ltr'>tior,</span> <span class='ocrx_word' id='word_1_86' title='bbox 357 1979 423 2048; x_wconf 89' lang='lat' dir='ltr'>sive</span> <span class='ocrx_word' id='word_1_87' title='bbox 436 2000 474 2048; x_wconf 92' lang='lat' dir='ltr'>ex</span> <span class='ocrx_word' id='word_1_88' title='bbox 487 1977 591 2047; x_wconf 85' lang='lat' dir='ltr'>officio</span> <span class='ocrx_word' id='word_1_89' title='bbox 611 1979 740 2067; x_wconf 85' lang='lat' dir='ltr'>publice</span> <span class='ocrx_word' id='word_1_90' title='bbox 763 1978 971 2067; x_wconf 87' lang='lat' dir='ltr'>constitutus,</span> <span class='ocrx_word' id='word_1_91' title='bbox 987 1979 1054 2047; x_wconf 92' lang='lat' dir='ltr'>sive</span> <span class='ocrx_word' id='word_1_92' title='bbox 1065 1979 1159 2066; x_wconf 88' lang='lat' dir='ltr'>quasi</span> <span class='ocrx_word' id='word_1_93' title='bbox 1172 1979 1327 2067; x_wconf 90' lang='lat' dir='ltr'>privatim</span> 
     </span>
     <span class='ocr_line' id='line_1_15' title="bbox 260 2092 1328 2182; baseline 0 -20"><span class='ocrx_word' id='word_1_94' title='bbox 260 2095 437 2182; x_wconf 76' lang='lat' dir='ltr'>adhibitae,</span> <span class='ocrx_word' id='word_1_95' title='bbox 452 2095 509 2181; x_wconf 90' lang='lat' dir='ltr'>qui</span> <span class='ocrx_word' id='word_1_96' title='bbox 519 2095 601 2181; x_wconf 90' lang='lat' dir='ltr'>ipse,</span> <span class='ocrx_word' id='word_1_97' title='bbox 612 2094 652 2162; x_wconf 92' lang='lat' dir='ltr'>de</span> <span class='ocrx_word' id='word_1_98' title='bbox 663 2114 754 2181; x_wconf 78' lang='lat' dir='ltr'>papa</span> <span class='ocrx_word' id='word_1_99' title='bbox 764 2092 930 2180; x_wconf 91' lang='lat' dir='ltr'>mandato,</span> <span class='ocrx_word' id='word_1_100' title='bbox 946 2093 1068 2161; x_wconf 86' lang='lat' dir='ltr'>litteras</span> <span class='ocrx_word' id='word_1_101' title='bbox 1081 2103 1185 2161; x_wconf 90' lang='lat' dir='ltr'>marte</span> <span class='ocrx_word' id='word_1_102' title='bbox 1192 2096 1328 2182; x_wconf 91' lang='lat' dir='ltr'>proprio</span> 
     </span>
     <span class='ocr_line' id='line_1_16' title="bbox 258 2207 1328 2298; baseline 0.001 -21"><span class='ocrx_word' id='word_1_103' title='bbox 258 2218 468 2296; x_wconf 79' lang='lat' dir='ltr'>componeret</span> <span class='ocrx_word' id='word_1_104' title='bbox 484 2228 603 2294; x_wconf 89' lang='lat' dir='ltr'>easque</span> <span class='ocrx_word' id='word_1_105' title='bbox 619 2207 813 2296; x_wconf 89' lang='lat' dir='ltr'>compositas</span> <span class='ocrx_word' id='word_1_106' title='bbox 836 2227 872 2276; x_wconf 91' lang='lat' dir='ltr'>ao</span> <span class='ocrx_word' id='word_1_107' title='bbox 898 2229 1028 2276; x_wconf 92' lang='lat' dir='ltr'>summo</span> <span class='ocrx_word' id='word_1_108' title='bbox 1049 2207 1193 2296; x_wconf 85' lang='lat' dir='ltr'>pontifici</span> <span class='ocrx_word' id='word_1_109' title='bbox 1207 2230 1328 2298; x_wconf 89' lang='lat' dir='ltr'>appro-</span> 
     </span>
     <span class='ocr_line' id='line_1_17' title="bbox 258 2320 664 2392; baseline 0.002 -2"><span class='ocrx_word' id='word_1_110' title='bbox 258 2320 664 2392; x_wconf 58' lang='lat' dir='ltr'>mmmfflmmm</span> 
     </span>
    </p>

    <p class='ocr_par' dir='ltr' id='par_1_4' title="bbox 259 2436 1326 2643">
     <span class='ocr_line' id='line_1_18' title="bbox 303 2436 1326 2527; baseline 0.003 -21"><span class='ocrx_word' id='word_1_111' title='bbox 303 2437 390 2506; x_wconf 83' lang='lat' dir='ltr'>Felix</span> <span class='ocrx_word' id='word_1_112' title='bbox 407 2436 587 2526; x_wconf 88' lang='lat' dir='ltr'>llocquain‚</span> <span class='ocrx_word' id='word_1_113' title='bbox 604 2437 661 2525; x_wconf 90' lang='lat' dir='ltr'>qui</span> <span class='ocrx_word' id='word_1_114' title='bbox 676 2436 716 2506; x_wconf 84' lang='lat' dir='ltr'>de</span> <span class='ocrx_word' id='word_1_115' title='bbox 729 2437 846 2506; x_wconf 78' lang='lat' dir='ltr'>litteris</span> <span class='ocrx_word' id='word_1_116' title='bbox 864 2438 1029 2510; x_wconf 82' lang='lat' dir='ltr'>Nicoloil</span> <span class='ocrx_word' id='word_1_117' title='bbox 1044 2460 1110 2507; x_wconf 94' lang='lat' dir='ltr'>non</span> <span class='ocrx_word' id='word_1_118' title='bbox 1131 2439 1177 2508; x_wconf 94' lang='lat' dir='ltr'>ita</span> <span class='ocrx_word' id='word_1_119' title='bbox 1193 2438 1326 2527; x_wconf 89' lang='lat' dir='ltr'>pridem</span> 
     </span>
     <span class='ocr_line' id='line_1_19' title="bbox 259 2549 1326 2643; baseline 0 -20"><span class='ocrx_word' id='word_1_120' title='bbox 259 2549 462 2641; x_wconf 63' lang='lat' dir='ltr'>edisseruitl,</span> <span class='ocrx_word' id='word_1_121' title='bbox 482 2554 571 2622; x_wconf 92' lang='lat' dir='ltr'>bunc</span> <span class='ocrx_word' id='word_1_122' title='bbox 585 2573 702 2643; x_wconf 89' lang='lat' dir='ltr'>papam</span> <span class='ocrx_word' id='word_1_123' title='bbox 716 2555 870 2641; x_wconf 90' lang='lat' dir='ltr'>opinatur</span> <span class='ocrx_word' id='word_1_124' title='bbox 881 2575 950 2623; x_wconf 90' lang='lat' dir='ltr'>rem</span> <span class='ocrx_word' id='word_1_125' title='bbox 963 2576 1040 2624; x_wconf 90' lang='lat' dir='ltr'>cum</span> <span class='ocrx_word' id='word_1_126' title='bbox 1057 2554 1126 2623; x_wconf 91' lang='lat' dir='ltr'>suis</span> <span class='ocrx_word' id='word_1_127' title='bbox 1143 2554 1326 2623; x_wconf 87' lang='lat' dir='ltr'>scriniariis</span> 
     </span>
    </p>
   </div>
   <div class='ocr_carea' id='block_1_3' title="bbox 254 2791 1327 4380">
    <p class='ocr_par' dir='ltr' id='par_1_5' title="bbox 254 2791 1327 4221">
     <span class='ocr_line' id='line_1_20' title="bbox 289 2791 1326 2859; baseline -0.006 -11"><span class='ocrx_word' id='word_1_128' title='bbox 289 2799 313 2849; x_wconf 84' lang='lat' dir='ltr'>l.</span> <span class='ocrx_word' id='word_1_129' title='bbox 332 2812 345 2844; x_wconf 85' lang='lat' dir='ltr'>u</span> <span class='ocrx_word' id='word_1_130' title='bbox 354 2795 422 2845; x_wconf 83' lang='lat' dir='ltr'>Hanc</span> <span class='ocrx_word' id='word_1_131' title='bbox 432 2799 514 2844; x_wconf 88' lang='lat' dir='ltr'>autem</span> <span class='ocrx_word' id='word_1_132' title='bbox 525 2791 649 2856; x_wconf 85' lang='lat' dir='ltr'>epistolam</span> <span class='ocrx_word' id='word_1_133' title='bbox 660 2791 713 2842; x_wconf 88' lang='lat' dir='ltr'>ideo</span> <span class='ocrx_word' id='word_1_134' title='bbox 724 2807 790 2843; x_wconf 89' lang='lat' dir='ltr'>more</span> <span class='ocrx_word' id='word_1_135' title='bbox 800 2792 868 2844; x_wconf 92' lang='lat' dir='ltr'>solito</span> <span class='ocrx_word' id='word_1_136' title='bbox 882 2793 954 2844; x_wconf 87' lang='lat' dir='ltr'>scribi</span> <span class='ocrx_word' id='word_1_137' title='bbox 968 2808 1014 2844; x_wconf 93' lang='lat' dir='ltr'>non</span> <span class='ocrx_word' id='word_1_138' title='bbox 1029 2793 1139 2856; x_wconf 84' lang='lat' dir='ltr'>lecimus,</span> <span class='ocrx_word' id='word_1_139' title='bbox 1154 2794 1211 2859; x_wconf 81' lang='lat' dir='ltr'>quia</span> <span class='ocrx_word' id='word_1_140' title='bbox 1223 2793 1326 2856; x_wconf 77' lang='lat' dir='ltr'>legatus</span> 
     </span>
     <span class='ocr_line' id='line_1_21' title="bbox 257 2873 1327 2939; baseline -0.001 -13"><span class='ocrx_word' id='word_1_141' title='bbox 257 2881 336 2927; x_wconf 79' lang='lat' dir='ltr'>vester</span> <span class='ocrx_word' id='word_1_142' title='bbox 350 2876 466 2926; x_wconf 89' lang='lat' dir='ltr'>sustinere</span> <span class='ocrx_word' id='word_1_143' title='bbox 480 2889 527 2924; x_wconf 91' lang='lat' dir='ltr'>non</span> <span class='ocrx_word' id='word_1_144' title='bbox 543 2880 643 2938; x_wconf 84' lang='lat' dir='ltr'>poterut,</span> <span class='ocrx_word' id='word_1_145' title='bbox 668 2876 693 2923; x_wconf 88' lang='lat' dir='ltr'>et</span> <span class='ocrx_word' id='word_1_146' title='bbox 713 2873 743 2922; x_wconf 83' lang='lat' dir='ltr'>ob</span> <span class='ocrx_word' id='word_1_147' title='bbox 766 2874 834 2937; x_wconf 76' lang='lat' dir='ltr'>sesto</span> <span class='ocrx_word' id='word_1_148' title='bbox 850 2873 981 2938; x_wconf 78' lang='lat' dir='ltr'>pusobutio</span> <span class='ocrx_word' id='word_1_149' title='bbox 998 2874 1149 2924; x_wconf 72' lang='lat' dir='ltr'>scriniarios</span> <span class='ocrx_word' id='word_1_150' title='bbox 1169 2881 1279 2939; x_wconf 76' lang='lat' dir='ltr'>nostros,</span> <span class='ocrx_word' id='word_1_151' title='bbox 1293 2890 1327 2926; x_wconf 88' lang='lat' dir='ltr'>eo</span> 
     </span>
     <span class='ocr_line' id='line_1_22' title="bbox 258 2953 1324 3020; baseline 0 -16"><span class='ocrx_word' id='word_1_152' title='bbox 258 2955 329 3020; x_wconf 82' lang='lat' dir='ltr'>quod</span> <span class='ocrx_word' id='word_1_153' title='bbox 336 2955 426 3006; x_wconf 74' lang='lat' dir='ltr'>debitis</span> <span class='ocrx_word' id='word_1_154' title='bbox 437 2954 563 3005; x_wconf 83' lang='lat' dir='ltr'>vocabunt</span> <span class='ocrx_word' id='word_1_155' title='bbox 577 2953 793 3017; x_wconf 79' lang='lat' dir='ltr'>occupationibus,</span> <span class='ocrx_word' id='word_1_156' title='bbox 807 2953 936 3004; x_wconf 82' lang='lat' dir='ltr'>habereut</span> <span class='ocrx_word' id='word_1_157' title='bbox 945 2953 1076 3004; x_wconf 82' lang='lat' dir='ltr'>deberimus</span> <span class='ocrx_word' id='word_1_158' title='bbox 1089 2969 1140 3004; x_wconf 83' lang='lat' dir='ltr'>non</span> <span class='ocrx_word' id='word_1_159' title='bbox 1154 2953 1294 3004; x_wconf 75' lang='lat' dir='ltr'>voluimus.</span> <span class='ocrx_word' id='word_1_160' title='bbox 1307 2973 1324 3004; x_wconf 71' lang='lat' dir='ltr'>a</span> 
     </span>
     <span class='ocr_line' id='line_1_23' title="bbox 255 3034 1324 3099; baseline -0.002 -13"><span class='ocrx_word' id='word_1_161' title='bbox 255 3035 348 3086; x_wconf 86' lang='lat' dir='ltr'>Nicolai</span> <span class='ocrx_word' id='word_1_162' title='bbox 361 3035 476 3099; x_wconf 80' lang='lat' dir='ltr'>Epistola</span> <span class='ocrx_word' id='word_1_163' title='bbox 490 3036 526 3085; x_wconf 86' lang='lat' dir='ltr'>ud</span> <span class='ocrx_word' id='word_1_164' title='bbox 541 3035 660 3084; x_wconf 83' lang='lat' dir='ltr'>Curatum</span> <span class='ocrx_word' id='word_1_165' title='bbox 674 3034 782 3084; x_wconf 84' lang='lat' dir='ltr'>Calvum</span> <span class='ocrx_word' id='word_1_166' title='bbox 794 3037 819 3082; x_wconf 84' lang='lat' dir='ltr'>et</span> <span class='ocrx_word' id='word_1_167' title='bbox 832 3034 1008 3084; x_wconf 84' lang='lat' dir='ltr'>Hludowioum</span> <span class='ocrx_word' id='word_1_168' title='bbox 1024 3034 1202 3084; x_wconf 81' lang='lat' dir='ltr'>Germanicum</span> <span class='ocrx_word' id='word_1_169' title='bbox 1217 3035 1324 3098; x_wconf 76' lang='lat' dir='ltr'>(teigne,</span> 
     </span>
     <span class='ocr_line' id='line_1_24' title="bbox 257 3113 1324 3179; baseline 0 -15"><span class='ocrx_word' id='word_1_170' title='bbox 257 3121 275 3164; x_wconf 86' lang='lat' dir='ltr'>t.</span> <span class='ocrx_word' id='word_1_171' title='bbox 291 3115 376 3173; x_wconf 81' lang='lat' dir='ltr'>CXIX,</span> <span class='ocrx_word' id='word_1_172' title='bbox 389 3129 429 3179; x_wconf 89' lang='lat' dir='ltr'>ep.</span> <span class='ocrx_word' id='word_1_173' title='bbox 443 3115 483 3174; x_wconf 82' lang='lat'>83,</span> <span class='ocrx_word' id='word_1_174' title='bbox 499 3129 524 3178; x_wconf 91' lang='lat' dir='ltr'>p.</span> <span class='ocrx_word' id='word_1_175' title='bbox 540 3116 598 3176; x_wconf 78' lang='lat'>9253</span> <span class='ocrx_word' id='word_1_176' title='bbox 618 3113 689 3175; x_wconf 78' lang='lat' dir='ltr'>labe,</span> <span class='ocrx_word' id='word_1_177' title='bbox 709 3128 734 3163; x_wconf 92' lang='lat' dir='ltr'>n.</span> <span class='ocrx_word' id='word_1_178' title='bbox 749 3113 830 3176; x_wconf 84' lang='grc'>2788).</span> <span class='ocrx_word' id='word_1_179' title='bbox 843 3115 922 3178; x_wconf 71' lang='lat' dir='ltr'>Atque</span> <span class='ocrx_word' id='word_1_180' title='bbox 937 3114 1001 3164; x_wconf 89' lang='lat' dir='ltr'>idem</span> <span class='ocrx_word' id='word_1_181' title='bbox 1016 3129 1077 3179; x_wconf 89' lang='lat' dir='ltr'>papa</span> <span class='ocrx_word' id='word_1_182' title='bbox 1090 3114 1200 3164; x_wconf 84' lang='lat' dir='ltr'>Michaeli</span> <span class='ocrx_word' id='word_1_183' title='bbox 1214 3115 1324 3179; x_wconf 83' lang='lat' dir='ltr'>impera·</span> 
     </span>
     <span class='ocr_line' id='line_1_25' title="bbox 256 3192 1322 3258; baseline 0.004 -14"><span class='ocrx_word' id='word_1_184' title='bbox 256 3193 301 3244; x_wconf 92' lang='lat' dir='ltr'>tori</span> <span class='ocrx_word' id='word_1_185' title='bbox 321 3193 435 3257; x_wconf 88' lang='lat' dir='ltr'>scribens,</span> <span class='ocrx_word' id='word_1_186' title='bbox 458 3192 488 3242; x_wconf 90' lang='lat' dir='ltr'>de</span> <span class='ocrx_word' id='word_1_187' title='bbox 509 3193 557 3243; x_wconf 88' lang='lat' dir='ltr'>suis</span> <span class='ocrx_word' id='word_1_188' title='bbox 580 3193 666 3245; x_wconf 87' lang='lat' dir='ltr'>litteris</span> <span class='ocrx_word' id='word_1_189' title='bbox 680 3193 710 3244; x_wconf 90' lang='lat' dir='ltr'>ad</span> <span class='ocrx_word' id='word_1_190' title='bbox 729 3192 871 3258; x_wconf 77' lang='lat' dir='ltr'>Byzantinos</span> <span class='ocrx_word' id='word_1_191' title='bbox 889 3200 959 3244; x_wconf 88' lang='lat' dir='ltr'>antea</span> <span class='ocrx_word' id='word_1_192' title='bbox 973 3195 1053 3244; x_wconf 91' lang='lat' dir='ltr'>missis</span> <span class='ocrx_word' id='word_1_193' title='bbox 1070 3195 1104 3243; x_wconf 90' lang='lat' dir='ltr'>sic</span> <span class='ocrx_word' id='word_1_194' title='bbox 1120 3194 1241 3258; x_wconf 83' lang='lat' dir='ltr'>protessus</span> <span class='ocrx_word' id='word_1_195' title='bbox 1261 3201 1322 3248; x_wconf 76' lang='lat' dir='ltr'>esta</span> 
     </span>
     <span class='ocr_line' id='line_1_26' title="bbox 257 3273 1322 3340; baseline 0.004 -18"><span class='ocrx_word' id='word_1_196' title='bbox 257 3273 349 3334; x_wconf 77' lang='lat' dir='ltr'>«Quod</span> <span class='ocrx_word' id='word_1_197' title='bbox 359 3279 453 3337; x_wconf 76' lang='lat' dir='ltr'>nostre,</span> <span class='ocrx_word' id='word_1_198' title='bbox 469 3275 520 3324; x_wconf 89' lang='lat' dir='ltr'>Deo</span> <span class='ocrx_word' id='word_1_199' title='bbox 534 3275 633 3339; x_wconf 73' lang='lat' dir='ltr'>gratias,</span> <span class='ocrx_word' id='word_1_200' title='bbox 644 3274 736 3340; x_wconf 90' lang='lat' dir='ltr'>liquido</span> <span class='ocrx_word' id='word_1_201' title='bbox 750 3279 868 3323; x_wconf 85' lang='lat' dir='ltr'>testantur</span> <span class='ocrx_word' id='word_1_202' title='bbox 879 3274 994 3339; x_wconf 72' lang='lat' dir='ltr'>epistola,</span> <span class='ocrx_word' id='word_1_203' title='bbox 1009 3289 1068 3338; x_wconf 88' lang='lat' dir='ltr'>quas</span> <span class='ocrx_word' id='word_1_204' title='bbox 1079 3280 1158 3324; x_wconf 88' lang='lat' dir='ltr'>ternas</span> <span class='ocrx_word' id='word_1_205' title='bbox 1173 3289 1215 3338; x_wconf 85' lang='lat' dir='ltr'>per</span> <span class='ocrx_word' id='word_1_206' title='bbox 1227 3276 1322 3326; x_wconf 70' lang='lat' dir='ltr'>mem-</span> 
     </span>
     <span class='ocr_line' id='line_1_27' title="bbox 256 3354 1322 3418; baseline 0.001 -14"><span class='ocrx_word' id='word_1_207' title='bbox 256 3355 317 3404; x_wconf 88' lang='lat' dir='ltr'>riam</span> <span class='ocrx_word' id='word_1_208' title='bbox 342 3361 367 3404; x_wconf 88' lang='lat' dir='ltr'>et</span> <span class='ocrx_word' id='word_1_209' title='bbox 387 3356 485 3405; x_wconf 90' lang='lat' dir='ltr'>Petrum</span> <span class='ocrx_word' id='word_1_210' title='bbox 509 3360 582 3418; x_wconf 87' lang='lat' dir='ltr'>atque</span> <span class='ocrx_word' id='word_1_211' title='bbox 609 3356 714 3405; x_wconf 86' lang='lat' dir='ltr'>Leonem</span> <span class='ocrx_word' id='word_1_212' title='bbox 737 3355 788 3404; x_wconf 91' lang='lat' dir='ltr'>Deo</span> <span class='ocrx_word' id='word_1_213' title='bbox 812 3354 927 3404; x_wconf 86' lang='lat' dir='ltr'>amabiles</span> <span class='ocrx_word' id='word_1_214' title='bbox 945 3355 1079 3405; x_wconf 84' lang='lat' dir='ltr'>scriniarios</span> <span class='ocrx_word' id='word_1_215' title='bbox 1102 3361 1189 3404; x_wconf 73' lang='lat' dir='ltr'>sancto</span> <span class='ocrx_word' id='word_1_216' title='bbox 1208 3356 1322 3406; x_wconf 69' lang='lat' dir='ltr'>Romane</span> 
     </span>
     <span class='ocr_line' id='line_1_28' title="bbox 255 3425 1323 3500; baseline -0.001 -14"><span class='ocrx_word' id='word_1_217' title='bbox 255 3433 363 3486; x_wconf 76' lang='lat' dir='ltr'>ecclesie</span> <span class='ocrx_word' id='word_1_218' title='bbox 377 3449 423 3484; x_wconf 91' lang='lat' dir='ltr'>uno</span> <span class='ocrx_word' id='word_1_219' title='bbox 436 3440 503 3484; x_wconf 88' lang='lat' dir='ltr'>textu</span> <span class='ocrx_word' id='word_1_220' title='bbox 518 3434 590 3483; x_wconf 84' lang='lat' dir='ltr'>scribi</span> <span class='ocrx_word' id='word_1_221' title='bbox 603 3435 769 3500; x_wconf 74' lang='lat' dir='ltr'>precepimus,</span> <span class='ocrx_word' id='word_1_222' title='bbox 782 3440 894 3484; x_wconf 88' lang='lat' dir='ltr'>etcoram</span> <span class='ocrx_word' id='word_1_223' title='bbox 910 3425 991 3484; x_wconf 81' lang='lat' dir='ltr'>san&#39;cta</span> <span class='ocrx_word' id='word_1_224' title='bbox 1005 3435 1114 3497; x_wconf 89' lang='lat' dir='ltr'>ecclesia,</span> <span class='ocrx_word' id='word_1_225' title='bbox 1130 3449 1184 3499; x_wconf 70' lang='lat' dir='ltr'>quer</span> <span class='ocrx_word' id='word_1_226' title='bbox 1198 3435 1263 3500; x_wconf 90' lang='lat' dir='ltr'>apud</span> <span class='ocrx_word' id='word_1_227' title='bbox 1277 3451 1323 3486; x_wconf 92' lang='lat' dir='ltr'>nos</span> 
     </span>
     <span class='ocr_line' id='line_1_29' title="bbox 256 3513 1324 3580; baseline -0.002 -13"><span class='ocrx_word' id='word_1_228' title='bbox 256 3522 301 3580; x_wconf 88' lang='lat' dir='ltr'>est,</span> <span class='ocrx_word' id='word_1_229' title='bbox 316 3513 436 3580; x_wconf 88' lang='lat' dir='ltr'>dispertiti</span> <span class='ocrx_word' id='word_1_230' title='bbox 449 3529 540 3574; x_wconf 86' lang='lat' dir='ltr'>sumus,</span> <span class='ocrx_word' id='word_1_231' title='bbox 555 3520 579 3563; x_wconf 89' lang='lat' dir='ltr'>et</span> <span class='ocrx_word' id='word_1_232' title='bbox 592 3529 664 3563; x_wconf 87' lang='lat' dir='ltr'>unam</span> <span class='ocrx_word' id='word_1_233' title='bbox 679 3515 776 3579; x_wconf 87' lang='lat' dir='ltr'>quidem</span> <span class='ocrx_word' id='word_1_234' title='bbox 790 3514 854 3578; x_wconf 85' lang='lat' dir='ltr'>apud</span> <span class='ocrx_word' id='word_1_235' title='bbox 868 3529 910 3563; x_wconf 91' lang='lat' dir='ltr'>nos</span> <span class='ocrx_word' id='word_1_236' title='bbox 924 3515 1065 3564; x_wconf 85' lang='lat' dir='ltr'>retinuimus</span> <span class='ocrx_word' id='word_1_237' title='bbox 1078 3529 1120 3580; x_wconf 93' lang='lat' dir='ltr'>pro</span> <span class='ocrx_word' id='word_1_238' title='bbox 1134 3515 1217 3564; x_wconf 84' lang='lat' dir='ltr'>futura</span> <span class='ocrx_word' id='word_1_239' title='bbox 1228 3515 1324 3566; x_wconf 80' lang='lat' dir='ltr'>scilicet</span> 
     </span>
     <span class='ocr_line' id='line_1_30' title="bbox 255 3595 1323 3660; baseline -0.002 -13"><span class='ocrx_word' id='word_1_240' title='bbox 255 3596 350 3647; x_wconf 86' lang='lat' dir='ltr'>cautela</span> <span class='ocrx_word' id='word_1_241' title='bbox 375 3601 400 3645; x_wconf 88' lang='lat' dir='ltr'>et</span> <span class='ocrx_word' id='word_1_242' title='bbox 417 3601 514 3659; x_wconf 87' lang='lat' dir='ltr'>propter</span> <span class='ocrx_word' id='word_1_243' title='bbox 533 3595 688 3659; x_wconf 74' lang='lat' dir='ltr'>questionem</span> <span class='ocrx_word' id='word_1_244' title='bbox 711 3611 763 3660; x_wconf 85' lang='lat' dir='ltr'>quae</span> <span class='ocrx_word' id='word_1_245' title='bbox 784 3595 841 3644; x_wconf 92' lang='lat' dir='ltr'>oriri</span> <span class='ocrx_word' id='word_1_246' title='bbox 869 3599 963 3658; x_wconf 89' lang='lat' dir='ltr'>poterat</span> <span class='ocrx_word' id='word_1_247' title='bbox 982 3595 1005 3643; x_wconf 95' lang='lat' dir='ltr'>in</span> <span class='ocrx_word' id='word_1_248' title='bbox 1025 3600 1156 3659; x_wconf 90' lang='lat' dir='ltr'>posterum,</span> <span class='ocrx_word' id='word_1_249' title='bbox 1173 3595 1245 3644; x_wconf 82' lang='lat' dir='ltr'>aliern</span> <span class='ocrx_word' id='word_1_250' title='bbox 1264 3611 1323 3646; x_wconf 84' lang='lat' dir='ltr'>vero</span> 
     </span>
     <span class='ocr_line' id='line_1_31' title="bbox 255 3673 1320 3736; baseline -0.003 -9"><span class='ocrx_word' id='word_1_251' title='bbox 255 3677 348 3727; x_wconf 79' lang='lat' dir='ltr'>dilectu</span> <span class='ocrx_word' id='word_1_252' title='bbox 359 3674 500 3725; x_wconf 87' lang='lat' dir='ltr'>sublimitati</span> <span class='ocrx_word' id='word_1_253' title='bbox 514 3679 598 3723; x_wconf 77' lang='lat' dir='ltr'>vestrm</span> <span class='ocrx_word' id='word_1_254' title='bbox 611 3673 748 3724; x_wconf 84' lang='lat' dir='ltr'>direximus.</span> <span class='ocrx_word' id='word_1_255' title='bbox 765 3677 838 3725; x_wconf 91' lang='lat' dir='ltr'>Porro</span> <span class='ocrx_word' id='word_1_256' title='bbox 851 3675 945 3724; x_wconf 87' lang='lat' dir='ltr'>tertiam</span> <span class='ocrx_word' id='word_1_257' title='bbox 956 3674 1043 3736; x_wconf 85' lang='lat' dir='ltr'>legatis</span> <span class='ocrx_word' id='word_1_258' title='bbox 1056 3675 1142 3724; x_wconf 91' lang='lat' dir='ltr'>nostris</span> <span class='ocrx_word' id='word_1_259' title='bbox 1155 3675 1320 3726; x_wconf 78' lang='lat' dir='ltr'>tribuimus.»</span> 
     </span>
     <span class='ocr_line' id='line_1_32' title="bbox 256 3753 1322 3822; baseline -0.001 -16"><span class='ocrx_word' id='word_1_260' title='bbox 256 3759 287 3808; x_wconf 83' lang='lat' dir='ltr'>Et</span> <span class='ocrx_word' id='word_1_261' title='bbox 300 3756 369 3822; x_wconf 88' lang='lat' dir='ltr'>paulo</span> <span class='ocrx_word' id='word_1_262' title='bbox 383 3762 453 3820; x_wconf 88' lang='lat' dir='ltr'>post:</span> <span class='ocrx_word' id='word_1_263' title='bbox 467 3760 512 3805; x_wconf 81' lang='lat' dir='ltr'>oet</span> <span class='ocrx_word' id='word_1_264' title='bbox 524 3755 584 3804; x_wconf 89' lang='lat' dir='ltr'>banc</span> <span class='ocrx_word' id='word_1_265' title='bbox 605 3769 677 3818; x_wconf 88' lang='lat' dir='ltr'>quam</span> <span class='ocrx_word' id='word_1_266' title='bbox 690 3755 866 3804; x_wconf 83' lang='lat' dir='ltr'>mansuetudini</span> <span class='ocrx_word' id='word_1_267' title='bbox 879 3761 963 3804; x_wconf 80' lang='lat' dir='ltr'>vestrm</span> <span class='ocrx_word' id='word_1_268' title='bbox 977 3755 1104 3816; x_wconf 79' lang='lat' dir='ltr'>dirigimus</span> <span class='ocrx_word' id='word_1_269' title='bbox 1123 3754 1148 3804; x_wconf 95' lang='lat' dir='ltr'>in</span> <span class='ocrx_word' id='word_1_270' title='bbox 1165 3753 1239 3805; x_wconf 86' lang='lat' dir='ltr'>altero</span> <span class='ocrx_word' id='word_1_271' title='bbox 1253 3763 1322 3805; x_wconf 87' lang='lat' dir='ltr'>tomo</span> 
     </span>
     <span class='ocr_line' id='line_1_33' title="bbox 256 3834 1321 3902; baseline 0 -16"><span class='ocrx_word' id='word_1_272' title='bbox 256 3837 326 3886; x_wconf 90' lang='lat' dir='ltr'>scribi</span> <span class='ocrx_word' id='word_1_273' title='bbox 347 3835 511 3902; x_wconf 77' lang='lat' dir='ltr'>precipimus3</span> <span class='ocrx_word' id='word_1_274' title='bbox 533 3841 558 3884; x_wconf 90' lang='lat' dir='ltr'>et</span> <span class='ocrx_word' id='word_1_275' title='bbox 579 3834 640 3883; x_wconf 90' lang='lat' dir='ltr'>hanc</span> <span class='ocrx_word' id='word_1_276' title='bbox 660 3834 758 3898; x_wconf 89' lang='lat' dir='ltr'>quidem</span> <span class='ocrx_word' id='word_1_277' title='bbox 779 3837 873 3896; x_wconf 88' lang='lat' dir='ltr'>Petrus,</span> <span class='ocrx_word' id='word_1_278' title='bbox 899 3835 940 3899; x_wconf 89' lang='lat' dir='ltr'>qui</span> <span class='ocrx_word' id='word_1_279' title='bbox 967 3836 1038 3884; x_wconf 88' lang='lat' dir='ltr'>unius</span> <span class='ocrx_word' id='word_1_280' title='bbox 1059 3835 1226 3900; x_wconf 72' lang='lat' dir='ltr'>predictarum</span> <span class='ocrx_word' id='word_1_281' title='bbox 1243 3836 1321 3886; x_wconf 89' lang='lat' dir='ltr'>trium</span> 
     </span>
     <span class='ocr_line' id='line_1_34' title="bbox 255 3915 1322 3981; baseline 0 -15"><span class='ocrx_word' id='word_1_282' title='bbox 255 3917 354 3981; x_wconf 89' lang='lat' dir='ltr'>scriptor</span> <span class='ocrx_word' id='word_1_283' title='bbox 367 3917 470 3981; x_wconf 86' lang='lat' dir='ltr'>exstitit,</span> <span class='ocrx_word' id='word_1_284' title='bbox 488 3929 561 3981; x_wconf 90' lang='lat' dir='ltr'>quam</span> <span class='ocrx_word' id='word_1_285' title='bbox 575 3929 630 3964; x_wconf 82' lang='lat' dir='ltr'>vero</span> <span class='ocrx_word' id='word_1_286' title='bbox 643 3929 716 3978; x_wconf 89' lang='lat' dir='ltr'>penes</span> <span class='ocrx_word' id='word_1_287' title='bbox 728 3929 771 3964; x_wconf 92' lang='lat' dir='ltr'>nos</span> <span class='ocrx_word' id='word_1_288' title='bbox 785 3915 924 3978; x_wconf 87' lang='lat' dir='ltr'>retinemus,</span> <span class='ocrx_word' id='word_1_289' title='bbox 940 3916 1052 3979; x_wconf 78' lang='lat' dir='ltr'>prolatus</span> <span class='ocrx_word' id='word_1_290' title='bbox 1066 3917 1124 3979; x_wconf 87' lang='lat' dir='ltr'>Leo,</span> <span class='ocrx_word' id='word_1_291' title='bbox 1140 3917 1189 3966; x_wconf 89' lang='lat' dir='ltr'>Deo</span> <span class='ocrx_word' id='word_1_292' title='bbox 1204 3915 1322 3967; x_wconf 83' lang='lat' dir='ltr'>amabiles</span> 
     </span>
     <span class='ocr_line' id='line_1_35' title="bbox 254 3994 1320 4060; baseline 0.002 -16"><span class='ocrx_word' id='word_1_293' title='bbox 254 3997 369 4046; x_wconf 87' lang='lat' dir='ltr'>scriniarii</span> <span class='ocrx_word' id='word_1_294' title='bbox 387 4000 500 4048; x_wconf 77' lang='lat' dir='ltr'>Romane</span> <span class='ocrx_word' id='word_1_295' title='bbox 516 3996 631 4058; x_wconf 79' lang='lat' dir='ltr'>ecclesie,</span> <span class='ocrx_word' id='word_1_296' title='bbox 651 4009 752 4059; x_wconf 89' lang='lat' dir='ltr'>quorum</span> <span class='ocrx_word' id='word_1_297' title='bbox 774 3994 832 4044; x_wconf 86' lang='lat' dir='ltr'>fides</span> <span class='ocrx_word' id='word_1_298' title='bbox 848 3995 917 4044; x_wconf 91' lang='lat' dir='ltr'>nobis</span> <span class='ocrx_word' id='word_1_299' title='bbox 935 3995 1033 4059; x_wconf 85' lang='lat' dir='ltr'>probata</span> <span class='ocrx_word' id='word_1_300' title='bbox 1055 4001 1100 4055; x_wconf 86' lang='lat' dir='ltr'>est,</span> <span class='ocrx_word' id='word_1_301' title='bbox 1121 3995 1244 4060; x_wconf 89' lang='lat' dir='ltr'>scripsisse</span> <span class='ocrx_word' id='word_1_302' title='bbox 1261 4012 1320 4046; x_wconf 88' lang='lat' dir='ltr'>noe-</span> 
     </span>
     <span class='ocr_line' id='line_1_36' title="bbox 255 4073 1320 4142; baseline 0.001 -19"><span class='ocrx_word' id='word_1_303' title='bbox 255 4081 349 4125; x_wconf 87' lang='lat' dir='ltr'>cuntur.</span> <span class='ocrx_word' id='word_1_304' title='bbox 362 4092 374 4123; x_wconf 74' lang='lat' dir='ltr'>a</span> <span class='ocrx_word' id='word_1_305' title='bbox 389 4075 479 4126; x_wconf 85' lang='lat' dir='ltr'>Nicolai</span> <span class='ocrx_word' id='word_1_306' title='bbox 494 4078 576 4142; x_wconf 78' lang='lat' dir='ltr'>Epist.</span> <span class='ocrx_word' id='word_1_307' title='bbox 590 4076 626 4126; x_wconf 77' lang='lat' dir='ltr'>ou</span> <span class='ocrx_word' id='word_1_308' title='bbox 639 4073 787 4124; x_wconf 82' lang='lat' dir='ltr'>Micboalem</span> <span class='ocrx_word' id='word_1_309' title='bbox 801 4073 897 4138; x_wconf 80' lang='lat' dir='ltr'>(coleti,</span> <span class='ocrx_word' id='word_1_310' title='bbox 907 4081 926 4124; x_wconf 90' lang='lat' dir='ltr'>t.</span> <span class='ocrx_word' id='word_1_311' title='bbox 942 4076 984 4138; x_wconf 87' lang='lat' dir='ltr'>Ill,</span> <span class='ocrx_word' id='word_1_312' title='bbox 996 4091 1021 4140; x_wconf 89' lang='lat' dir='ltr'>p.</span> <span class='ocrx_word' id='word_1_313' title='bbox 1035 4076 1095 4126; x_wconf 81' lang='grc'>1336</span> <span class='ocrx_word' id='word_1_314' title='bbox 1104 4095 1110 4135; x_wconf 90' lang='grc'><strong>;</strong></span> <span class='ocrx_word' id='word_1_315' title='bbox 1119 4076 1212 4138; x_wconf 69' lang='lat' dir='ltr'>Misce,</span> <span class='ocrx_word' id='word_1_316' title='bbox 1224 4091 1264 4141; x_wconf 89' lang='lat' dir='ltr'>ep.</span> <span class='ocrx_word' id='word_1_317' title='bbox 1278 4077 1320 4140; x_wconf 79' lang='lat'>86,</span> 
     </span>
     <span class='ocr_line' id='line_1_37' title="bbox 255 4145 884 4221; baseline 0.006 -17"><span class='ocrx_word' id='word_1_318' title='bbox 255 4169 280 4221; x_wconf 86' lang='lat' dir='ltr'>p.</span> <span class='ocrx_word' id='word_1_319' title='bbox 296 4156 646 4220; x_wconf 57' lang='lat' dir='ltr'>momentanearum.</span> <span class='ocrx_word' id='word_1_320' title='bbox 880 4145 884 4152; x_wconf 83' lang='lat'>&#39;</span> 
     </span>
    </p>

    <p class='ocr_par' dir='ltr' id='par_1_6' title="bbox 255 4234 1320 4380">
     <span class='ocr_line' id='line_1_38' title="bbox 287 4234 1320 4301; baseline 0.002 -17"><span class='ocrx_word' id='word_1_321' title='bbox 287 4236 311 4285; x_wconf 80' lang='lat'>2.</span> <span class='ocrx_word' id='word_1_322' title='bbox 329 4235 360 4285; x_wconf 87' lang='lat' dir='ltr'>V.</span> <span class='ocrx_word' id='word_1_323' title='bbox 383 4235 450 4286; x_wconf 84' lang='lat' dir='ltr'>Felix</span> <span class='ocrx_word' id='word_1_324' title='bbox 473 4238 607 4301; x_wconf 72' lang='lat' dir='ltr'>ltocquaim</span> <span class='ocrx_word' id='word_1_325' title='bbox 628 4237 674 4287; x_wconf 83' lang='lat' dir='ltr'>Les</span> <span class='ocrx_word' id='word_1_326' title='bbox 697 4236 784 4285; x_wconf 80' lang='lat' dir='ltr'>lettres</span> <span class='ocrx_word' id='word_1_327' title='bbox 803 4234 835 4286; x_wconf 83' lang='lat' dir='ltr'>de</span> <span class='ocrx_word' id='word_1_328' title='bbox 852 4235 955 4287; x_wconf 84' lang='lat' dir='ltr'>Nr&#39;cotor</span> <span class='ocrx_word' id='word_1_329' title='bbox 972 4234 1119 4300; x_wconf 84' lang='lat' dir='ltr'>l(toumct</span> <span class='ocrx_word' id='word_1_330' title='bbox 1136 4235 1181 4286; x_wconf 81' lang='lat' dir='ltr'>dea</span> <span class='ocrx_word' id='word_1_331' title='bbox 1203 4239 1320 4299; x_wconf 80' lang='lat' dir='ltr'>savants,</span> 
     </span>
     <span class='ocr_line' id='line_1_39' title="bbox 255 4316 808 4380; baseline -0.004 -12"><span class='ocrx_word' id='word_1_332' title='bbox 255 4330 277 4368; x_wconf 83' lang='grc' dir='ltr'>ι.</span> <span class='ocrx_word' id='word_1_333' title='bbox 295 4316 364 4378; x_wconf 82' lang='lat' dir='ltr'>ttae,</span> <span class='ocrx_word' id='word_1_334' title='bbox 380 4329 404 4378; x_wconf 88' lang='lat' dir='ltr'>p.</span> <span class='ocrx_word' id='word_1_335' title='bbox 420 4317 534 4378; x_wconf 77' lang='lat' dir='ltr'>bil-587,</span> <span class='ocrx_word' id='word_1_336' title='bbox 549 4317 666 4380; x_wconf 79' lang='lat' dir='ltr'>tao-etr,</span> <span class='ocrx_word' id='word_1_337' title='bbox 681 4317 808 4380; x_wconf 80' lang='lat' dir='ltr'>6l6·685).</span> 
     </span>
    </p>
   </div>
   <div class='ocr_carea' id='block_1_4' title="bbox 0 0 1508 5050">
    <p class='ocr_par' dir='ltr' id='par_1_7' title="bbox 0 0 1508 5050">
     <span class='ocr_line' id='line_1_40' title="bbox 0 0 1508 5050; baseline 0 3"><span class='ocrx_word' id='word_1_338' title='bbox 0 0 1508 5050; x_wconf 95' lang='lat' dir='ltr'> </span> 
     </span>
    </p>
   </div>
  </div>
 </body>
</html>
