3006 5050
438 451 481 502 ΕΤ
503 452 724 506 conposuit
747 453 792 504 ET
814 453 998 506 ntentvts
1204 457 1247 506 stt

180 591 390 683 subduceris,
405 605 437 662 et
452 593 594 664 aliorum
608 594 739 664 notioni
747 589 950 664 subtractoris
964 616 976 664 .·
992 596 1184 666 interserens
1198 598 1248 667 in·

180 731 281 800 super
293 731 370 800 quoe
390 707 444 778 ille
459 709 677 801 (Benedictus
691 710 757 797 ΙΙΙ)
776 724 836 780 aut
856 734 1043 804 nunquam,
1071 724 1131 781 out
1151 713 1251 782 aliter

181 835 395 895 consuat...
418 828 467 896 Tu
480 847 573 914 ouo,
597 824 721 894 addam
746 841 845 918 atque
857 839 1078 917 commutans,
1092 851 1249 922 prosecu-

182 939 1249 1031 cusos,dicens...»,etc.¹;p0stquameumdem,missisambagi-

181 1056 258 1145 bus,
272 1057 409 1126 mirifice
423 1066 568 1125 astutum
582 1057 796 1144 appellaverat
809 1059 869 1126 hoc
883 1059 980 1127 modo
997 1081 1007 1128 ι
1028 1082 1044 1124 a
1057 1057 1127 1126 Sed
1138 1056 1250 1126 adleuc

182 1183 215 1240 et
233 1173 268 1240 in
293 1172 360 1241 olio
386 1171 474 1240 mira
498 1171 722 1263 fraternitatis
748 1183 815 1240 tuce
832 1172 956 1242 accedit
976 1173 1100 1242 astutia
1122 1186 1155 1241 et
1186 1174 1251 1244 soli

178 1286 319 1378 proprio
346 1297 423 1354 voto
439 1289 560 1377 [cocus
577 1307 612 1354 se
632 1285 794 1353 immiscet
816 1284 1017 1378 prudentia²
1029 1311 1065 1376 u,
1090 1296 1123 1357 et
1142 1310 1248 1376 quau-

182 1423 296 1490 quam,
326 1404 387 1470 hoc
406 1403 475 1490 ipso
505 1405 587 1489 loco,
620 1403 734 1488 cruda,
758 1412 795 1470 ut
818 1402 862 1470 ita
892 1403 1012 1488 dicam,
1033 1403 1131 1472 verba
1152 1425 1248 1472 usur-

180 1526 324 1605 paverat,
352 1518 398 1586 sic
418 1519 614 1606 compellans
641 1518 859 1586 Hiucmarum
885 1539 895 1586 c
921 1543 937 1584 a
954 1521 1002 1586 Tu
1025 1540 1115 1607 vero,
1140 1518 1248 1586 viola·

182 1630 282 1698 tionis
308 1629 454 1722 ejusdem
479 1631 650 1723 pricilcpii
670 1631 801 1700 totuis
820 1631 980 1700 obnoxius
1008 1655 1020 1702 .·
1044 1633 1116 1724 qui,
1142 1633 1247 1722 pulsis

180 1746 249 1813 illis
261 1746 385 1814 clericis
405 1745 452 1816 ad
470 1746 579 1815 sedem
593 1747 807 1837 apostolicam
821 1749 1090 1838 provocantibus,
1106 1772 1246 1818 manum

180 1860 320 1950 objiccm
341 1860 476 1930 subdole
496 1884 703 1954 preparasse
729 1863 920 1934 eunuc...
934 1913 966 1932 ..
994 1862 1146 1932 Videlicet
1165 1864 1246 1933 dum

179 1975 290 2074 talem
313 1976 426 2044 crebro
454 1977 534 2046 dicti
555 1977 726 2069 pricilepii
753 1992 879 2046 testum
910 1989 943 2046 et
974 1990 1120 2046 tenorem
1151 1979 1248 2048 addi-

179 2090 282 2172 tione,
312 2090 573 2182 detruncatione,
615 2094 859 2163 demutatione
887 2106 947 2162 tua
981 2093 1108 2163 cunctis
1141 2106 1247 2162 osten·

179 2205 332 2296 daem
361 2217 485 2293 tamen,
513 2209 593 2277 dum
619 2209 706 2277 istuc
730 2210 963 2297 scriberentur,
988 2212 1056 2279 haec
1079 2231 1177 2278 ausus
1199 2221 1248 2278 est

177 2322 389 2410 interponere
425 2345 491 2390 non
527 2325 597 2392 sine
625 2324 762 2410 ingratis
790 2322 912 2392 facetiis
943 2347 952 2392 ε
984 2323 1247 2409 «Quamobrem

172 2434 253 2524 jure
278 2435 432 2526 fortassis
460 2448 489 2505 te
513 2434 647 2528 pandis
676 2436 810 2528 aliquid
831 2437 867 2506 in
899 2438 1018 2507 talibus
1050 2439 1248 2507 committere

177 2551 285 2640 soteri
307 2573 490 2642 possemus,
524 2552 592 2620 nisi
623 2553 810 2621 reuerentior
844 2565 923 2639 tuce,
957 2552 1050 2645 quod
1080 2557 1150 2646 ipse
1179 2577 1248 2623 non

177 2687 311 2756 speras,
347 2689 483 2756 parcere
516 2679 628 2735 nostra
664 2667 843 2737 moderatio
880 2668 1077 2738 studuisset⁴
1093 2674 1132 2736 »Ι
1166 2669 1247 2750 Quas

180 2803 261 2850 sane
291 2783 403 2850 omnia
430 2803 468 2851 eo
492 2784 597 2870 magis
622 2784 706 2852 mira
728 2795 816 2872 sunt,
844 2785 930 2874 quod
954 2807 1021 2853 non
1049 2785 1246 2854 Hincmarus

178 2897 343 2965 chartulas
369 2898 441 2966 illas
466 2895 633 2966 Benedicti
655 2897 702 2966 ΙΙΙ
730 2899 982 2984 adulteraverat,
1017 2899 1072 2967 sed
1096 2899 1150 2966 ille
1177 2899 1246 2986 ipse

178 3012 256 3099 qui,
277 3011 402 3080 Nicolai
427 3013 545 3080 fiducia
571 3015 728 3101 abutens,
758 3017 817 3082 has
849 3013 1024 3102 injuriosas
1052 3015 1176 3082 litteras
1205 3015 1246 3082 ad

181 3123 401 3193 Hincmarnm
424 3126 609 3215 scripserat,
632 3125 859 3196 Anastasius⁶‚
881 3127 1122 3214 Ignoscendum
1145 3128 1247 3216 igitur

180 3248 230 3308 est
242 3240 483 3330 archiepiscopo
496 3242 667 3328 Remensi,
682 3243 710 3310 si
726 3242 857 3330 quando
878 3241 1003 3310 Nicolai
1022 3244 1171 3332 epistolas
1189 3254 1248 3312 aut

179 3353 242 3421 sihi
265 3365 323 3422 aut
352 3353 452 3424 Gallis
473 3357 544 3424 aliis
559 3358 687 3445 missae,
713 3378 856 3445 quarum
878 3358 1025 3446 quidem,
1053 3370 1090 3426 ut
1112 3359 1244 3446 opinor,

179 3469 369 3558 scriptorem
385 3471 470 3540 bene
484 3482 630 3560 noverat,
647 3471 829 3540 malitiosas
843 3493 913 3544 esse
929 3471 1042 3544 dirit⁶.

209 3664 234 3713 Ι.
250 3661 344 3714 Nicolai
355 3665 442 3729 Epist.
457 3664 493 3716 od
505 3667 671 3716 Hincmorum
683 3666 787 3732 (Migne,
801 3671 821 3718 t.
836 3667 924 3732 CXIX,
936 3682 961 3733 p.
974 3667 1056 3732 1101).

209 3743 235 3792 2.
251 3741 327 3807 thid,
342 3757 367 3808 p.
383 3746 454 3797 1105.

208 3824 236 3874 3.
253 3822 329 3887 thid„
342 3838 369 3887 p.
384 3826 456 3877 1100.

204 3902 231 3952 Ι.
249 3901 323 3966 thid,
337 3917 363 3968 p.
382 3907 452 3956 1105.

205 3985 232 4032 5.
250 3983 283 4031 V.
300 3982 373 4047 intra,
386 3984 409 4034 in
425 3983 505 4049 capite
518 3999 545 4034 v.

204 4062 231 4111 6.
248 4062 360 4114 Sicanim
367 4064 513 4116 Hincmarus
519 4065 548 4114 de
557 4064 645 4115 litteris
652 4065 682 4114 ab
693 4066 793 4116 Arsacio
801 4063 943 4116 Hortensiin
955 4063 1045 4113 Gallias
1054 4063 1147 4126 delatis,
1155 4077 1177 4114 a.
1186 4064 1245 4114 865:

173 4157 188 4188 «
199 4141 315 4192 Nicolans
334 4159 396 4208 papa
415 4144 553 4208 Arcenam,
576 4147 704 4196 Ortensem
717 4146 856 4209 episcopum
871 4152 896 4194 ct
912 4143 1073 4194 consiliarium
1090 4159 1169 4206 suum,
1190 4159 1246 4193 cum

174 4222 284 4286 epistolis
302 4222 332 4274 ad
346 4224 513 4278 Hludowieum
530 4232 555 4278 et
568 4225 680 4278 Carolum
695 4226 791 4289 leuues,
807 4224 848 4274 sed
867 4229 892 4274 et
908 4224 938 4273 ad
953 4224 1075 4289 episcopos
1089 4239 1116 4275 ac
1130 4224 1248 4290 primores

176 4316 309 4363 regnorum
323 4303 428 4368 illorum,
450 4321 480 4356 ea
498 4321 551 4371 que
566 4306 692 4357 Letharius
712 4320 754 4369 per
774 4305 871 4356 tratrem
884 4304 985 4370 petierat
998 4305 1184 4369 continentibus,
1199 4319 1245 4354 non
