3006 5050
438 463 481 515 ΕΤ
504 463 724 516 conrosul'r
748 464 792 514 81·
816 462 1001 516 nicrtvrr
1206 465 1249 516 191

190 606 355 693 habuisse,
378 607 499 684 nullius
523 607 605 675 alius
624 606 813 694 interposita
832 605 969 696 opere¹3
996 605 1053 675 sed
1078 605 1159 674 nihil
1186 606 1254 694 egit

190 723 386 810 exemplum,
398 722 484 810 quod
496 721 525 790 is
539 719 667 808 relert¹,
681 721 847 809 scripsisse
856 723 935 790 olim
949 720 1097 792 Michaeli
1110 725 1254 810 impere-

189 837 252 906 tcri
275 837 458 922 Nicolaum,
476 845 601 904 tentem
620 855 690 908 esse
708 837 772 905 sibi
788 845 860 906 tum
877 836 1119 925 aegritudinem,
1134 845 1172 905 ιι1
1186 857 1252 906 non

189 954 296 1021 solum
309 973 382 1041 quoe
396 963 471 1041 apte
483 960 593 1022 essent
608 951 648 1020 ad
668 951 947 1040 respondendum,
972 951 1029 1022 sed
1054 953 1152 1022 etiem
1171 973 1256 1042 quo·

187 1068 287 1135 modo
312 1070 380 1136 haec
405 1068 475 1155 ipsa
501 1065 720 1156 dictarentur,
748 1067 897 1137 invenire
917 1088 986 1136 non
1011 1065 1187 1155 valuerit³3
1215 1085 1252 1136 ex

187 1183 323 1271 quihus,
338 1184 365 1251 si
381 1183 458 1272 qnid
474 1183 625 1270 colligere
644 1184 768 1271 liceret,
788 1185 850 1251 boc
864 1183 969 1270 magis
983 1183 1167 1270 colligerem
1185 1202 1253 1252 non

187 1319 317 1368 morem
337 1298 437 1368 luisse
460 1298 583 1367 Nicolai
601 1299 658 1387 qui
686 1297 755 1386 ipse
775 1316 904 1385 semper
926 1299 1061 1368 roteriis
1079 1296 1250 1368 dictaret

230 1414 280 1483 lle
292 1414 426 1502 quidem
439 1433 526 1502 vera,
538 1413 597 1482 etsi
610 1413 813 1497 nullusdum,
825 1432 898 1482 mea
908 1413 1082 1502 sententia,
1097 1433 1134 1482 ex
1146 1412 1254 1482 olllcio

186 1530 303 1598 saltem
317 1539 471 1619 perpetuo
483 1549 519 1597 ec
529 1528 621 1618 quasi
632 1528 761 1617 publice
771 1528 967 1598 constitutus
978 1527 1103 1616 luisset,
1115 1528 1173 1617 qui
1185 1549 1255 1598 om·

120 1735 124 1744 .
187 1665 247 1713 nes
258 1645 446 1733 apostolicas
457 1644 580 1712 litteras
595 1643 716 1712 summi
729 1644 890 1732 pontilicis
901 1643 1034 1713 nomine
1044 1651 1255 1732 componeret

187 1772 222 1830 et
241 1759 407 1849 dictaret⁵,
430 1781 536 1850 neque
561 1762 773 1830 cancellarius
796 1761 882 1830 sedis
905 1762 1105 1851 apostolice,
1128 1762 1170 1831 de
1188 1784 1253 1851 quo

188 1885 264 1946 ante
282 1878 429 1946 seculum
447 1877 612 1945 decimum
626 1885 808 1944 extremum
824 1877 913 1944 nulle
927 1886 977 1945 est
990 1885 1077 1946 certa
1091 1875 1252 1966 mentiol,

220 2093 244 2140 l.
264 2089 329 2140 «On
356 2103 371 2136 s
395 2087 442 2138 lieu
465 2087 496 2137 de
518 2088 669 2153 conjecturor
685 2101 733 2154 que
750 2084 774 2137 le
790 2100 852 2152 pape
868 2085 974 2152 (Niccles
993 2085 1013 2151 1)
1027 2089 1104 2137 tnntbt
1118 2085 1202 2138 dictait
1215 2101 1254 2136 ses

186 2168 280 2233 lettres,
299 2171 376 2217 tantdt
394 2182 420 2218 se
436 2168 566 2218 contenteit
579 2167 703 2233 d’exposer
719 2167 916 2217 sommeirement
933 2166 948 2217 1
966 2181 1004 2217 ses
1022 2167 1127 2218 nctaires
1145 2181 1174 2218 ce
1195 2165 1254 2232 qu'il

187 2249 266 2298 lellait
279 2247 387 2300 ecrire.»
403 2246 469 2297 Felix
482 2249 615 2312 Rocquain,
630 2263 669 2313 op.
684 2247 739 2311 cit,
750 2262 776 2312 p.
792 2249 849 2299 583.

218 2331 245 2380 2.
262 2327 334 2388 ibic,
351 2343 376 2393 p.
388 2330 444 2389 583,
458 2342 483 2376 ιι.
498 2330 522 2379 8.

218 2411 243 2458 9.
261 2410 323 2458 Ecce
338 2407 418 2471 ipsum
432 2406 510 2457 locum
527 2422 535 2457 ι
552 2407 615 2458 «sd
631 2406 723 2472 reliqua
743 2421 811 2468 rere,
828 2421 882 2472 que
900 2422 929 2460 ex
950 2406 1033 2457 eedem
1054 2406 1155 2473 epistole
1174 2412 1254 2459 vestra

187 2488 292 2554 plurima
306 2503 335 2537 ex
348 2493 415 2551 parte
428 2487 591 2551 remanebant,
611 2487 741 2538 rescribere
760 2487 798 2537 bis
812 2503 855 2552 pro
873 2486 963 2538 caussis
979 2487 1114 2552 omisimus,
1132 2487 1253 2552 videlicet,

186 2568 302 2634 quoniam
322 2573 390 2616 mnia
408 2582 450 2617 nos
468 2573 537 2632 pater
553 2567 656 2618 celestis
670 2567 802 2617 secundum
816 2567 993 2633 beneplacitum
1013 2583 1083 2618 snum
1099 2568 1253 2631 egrotatione

187 2648 255 2714 quasi
273 2648 333 2697 lilios
352 2647 476 2712 corripuit,
496 2653 523 2698 ut
545 2662 592 2697 non
610 2646 687 2697 solum
707 2662 761 2712 ane
782 2647 812 2696 ed
836 2647 1027 2713 respondendum
1050 2648 1253 2713 propositionibus

186 2728 273 2778 vestris
287 2727 374 2778 idonee
387 2742 439 2778 esse
450 2727 620 2792 perspeximus,
631 2727 764 2777 valeremus
778 2743 904 2794 exponere,
919 2742 1005 2778 verum
1018 2727 1092 2777 etiem
1104 2727 1187 2778 eedem
1202 2728 1253 2792 ipsc

187 2807 291 2872 qualiter
313 2807 468 2871 dictarentur,
497 2806 555 2857 nulli
575 2807 718 2870 egritudine
741 2808 817 2872 pressi
837 2808 985 2873 quiverimus
1003 2807 1134 2858 edicere.»
1160 2806 1253 2858 Nicolai

186 2889 271 2954 spor.
288 2886 325 2937 ae
338 2885 487 2937 uictorem
500 2873 598 2950 (coreo,
612 2891 632 2936 ι.
646 2886 691 2948 rx,
707 2899 733 2950 p.
749 2887 825 2946 ιιιι,
840 2887 934 2950 urguo,
949 2901 989 2952 ep.
1006 2887 1047 2950 ec,
1066 2901 1092 2952 p.
1107 2887 1167 2949 ιιι,
1179 2885 1252 2952 rme,

187 2981 214 3018 n.
228 2967 310 3032 2196).

219 3049 243 3099 4.
260 3048 296 3098 Eo
310 3045 387 3108 magis
397 3043 460 3110 qnod
470 3059 524 3094 mcx
537 3043 695 3094 videbimuss
708 3057 756 3109 quo
769 3044 819 3094 hec
833 3044 885 3110 ipse
893 3043 967 3096 verbe
976 3043 1066 3096 dictate
1076 3045 1175 3098 luerint.

218 3129 243 3178 5.
260 3126 387 3187 Attendas,
410 3139 460 3188 oro,
480 3139 527 3174 non
547 3139 587 3174 me
607 3123 638 3174 de
659 3124 835 3194 posterioribus,
848 3125 958 3174 relatibus
975 3137 1062 3188 egere3
1087 3125 1253 3178 tantummodo

188 3207 282 3273 inquiro
292 3205 350 3271 quid
361 3204 481 3255 Anesmsii
493 3209 610 3268 tempore,
625 3210 667 3254 aut
679 3219 726 3254 non
740 3202 816 3254 multo
825 3193 893 3266 ente,
908 3205 985 3256 fleret.

218 3290 243 3338 c.
260 3288 402 3350 Quanquam
416 3283 512 3334 Gelletti
523 3283 664 3347 jamdudum
677 3275 781 3334 ostendit
794 3282 963 3334 cancellarium
974 3284 1037 3335 sedis
1049 3284 1185 3350 apostoliea
1194 3302 1253 3338 nus·

188 3382 262 3432 quem
271 3380 385 3431 apparere
392 3370 447 3414 ente
454 3362 685 3413 decimumscculum
696 3363 768 3428 idque
777 3377 881 3425 vergens
888 3364 918 3414 ad
927 3365 999 3414 linem
1010 3367 1043 3430 (v.
1052 3366 1101 3416 Del
1107 3368 1253 3432 primicerio

187 3447 256 3498 delle
269 3447 335 3498 Sede
348 3444 497 3510 apostolice,
514 3449 572 3507 etc,
591 3443 615 3492 di
634 3443 667 3494 D.
687 3442 804 3505 Pierlnigi
818 3442 928 3508 Galletti,
949 3447 1034 3510 llome,
1050 3447 1252 3511 MDCGLXXVI,

187 3543 213 3594 p.
227 3528 288 3592 6-1),
302 3531 359 3577 sunt
372 3531 461 3586 temen,
473 3529 553 3572 nostre
568 3528 647 3586 etate,
662 3521 752 3572 eruditi
764 3523 807 3572 viri
818 3523 861 3588 qui
878 3524 922 3573 boc
933 3539 1021 3574 munus
1030 3527 1083 3589 jem
1097 3525 1177 3576 seculo
1191 3540 1253 3576 nono

120 3605 123 3612 '
187 3607 306 3658 exstitisse
319 3610 413 3670 putent,
429 3603 460 3653 ds
479 3601 565 3668 quibus
583 3608 621 3651 est
640 3601 732 3651 Natalis
752 3601 783 3651 de
801 3601 893 3668 Weilly
911 3603 944 3668 (v.
965 3590 1097 3656 deomena
1115 3605 1148 3656 cle
1161 3604 1253 3670 polee·

186 3686 327 3753 qrepbie,t.
335 3685 355 3747 l,
367 3699 392 3748 p.
402 3685 458 3743 295,
466 3685 522 3746 321,
531 3681 597 3746 359).
612 3681 747 3746 litquidem
761 3689 853 3748 septem
862 3683 988 3748 privilegia
1001 3684 1118 3748 feruntur,
1128 3685 1153 3735 iu
1167 3686 1253 3751 quibus

187 3768 352 3833 scriptumest
366 3762 424 3813 illud
438 3776 445 3810 ι
461 3763 510 3814 cS.
530 3762 560 3811 ll.
577 3762 603 3811 n.
618 3760 808 3826 cancellarius»,
822 3762 923 3827 scilicet,
940 3764 1020 3826 Sergii
1037 3765 1059 3814 ll
1075 3779 1123 3831 pro
1140 3764 1252 3816 Ambur-

185 3847 258 3914 gensi
277 3843 381 3896 ecclesie
401 3842 504 3906 (Migne,
526 3841 555 3892 P.
574 3843 613 3899 l...
631 3847 651 3890 1.
673 3839 783 3902 cxxix,
806 3858 830 3906 p.
850 3845 916 3905 993),
935 3843 1021 3894 Leonis
1039 3844 1074 3896 lV
1095 3859 1145 3910 pro
1163 3844 1252 3898 eedem

185 3928 292 3979 ecclesie
315 3925 418 3988 (lligne,
438 3921 509 3984 ibid,
524 3936 549 3986 p.
569 3922 635 3984 991),
647 3919 739 3993 Nicolai
760 3923 832 3987 lpro
850 3921 977 3973 abbatiola
996 3921 1148 3974 lebracensi
1171 3923 1252 3990 (ibid,

186 4023 211 4074 p.
225 4005 308 4069 1919),
321 4002 429 4054 Formosi
440 4015 488 4067 pro
500 4000 662 4064 Gipniecerrsi
677 4002 833 4053 monasterio
846 4000 929 4066 (ibid,
944 4015 969 4066 p.
984 4002 1050 4066 815),
1065 4003 1145 4066 Sergii
1157 4005 1190 4056 lll
1204 4019 1253 4071 pre

185 4086 293 4139 ecclesia
307 4082 497 4148 llamberqcnsi
513 4080 618 4145 (bligne,
636 4085 655 4130 1.
676 4075 787 4142 CXXXI,
808 4096 834 4145 p.
854 4083 919 4144 975),
942 4080 1059 4131 lobannis
1074 4083 1095 4133 X
1110 4083 1148 4133 ad
1163 4085 1255 4137 Wenni

186 4168 292 4233 (bligne,
302 4171 323 4214 t.
332 4163 453 4225 cxxxii,
464 4176 488 4225 p.
498 4161 565 4222 813),
573 4159 681 4223 ejusdem
693 4175 760 4225 papre
768 4174 815 4225 pro
824 4161 979 4210 monacterio
991 4159 1019 4210 S.
1030 4162 1121 4212 Moram
1129 4165 1155 4215 r'n
1169 4163 1251 4230 Orpe-

185 4261 253 4299 ncvc
280 4244 413 4296 Veronensi
437 4241 619 4304 (Coequelines‚
633 4240 779 4290 Baliarium
800 4241 973 4290 flenranorum
995 4243 1156 4308 pontificem,
1184 4253 1203 4299 t.
1231 4247 1250 4310 l,

186 4343 211 4392 p.
224 4325 291 4389 240).
310 4325 343 4374 At
355 4336 411 4372 vero
426 4335 454 4372 ex
473 4319 511 4369 bis
524 4318 611 4369 tabulis
626 4320 733 4386 quinque
747 4325 803 4370 sunt
816 4319 902 4384 spurie
917 4319 952 4384 (v.
967 4321 1037 4385 lade,
1055 4339 1081 4376 ιι.
1095 4327 1167 4389 2588,
1180 4329 1251 4390 2591,
