2954 5050
233 415 279 466 211
316 413 517 466 subsalsi!
542 413 733 468 tttusstttttlt
753 413 800 468 EX
822 412 1024 464 uelsrotts
1044 411 1203 463 ulcocn
1226 413 1237 461 Ι

232 557 339 628 venus
360 557 476 626 dixerit
498 556 715 625 adulteratum
737 555 905 624 Benedicti
927 555 1137 644 priuilegium
1154 555 1309 623 Romam

233 671 274 742 ab
289 672 466 742 Hincmaro
478 671 617 740 missum
633 671 745 759 fuisse,
762 680 862 739 restat
873 679 913 738 ut
925 692 1124 759 queramus.

278 786 401 856 omitto
434 806 534 875 quam
559 786 604 855 sit
627 787 695 856 reri
728 806 844 874 parum
880 786 989 854 simile
1022 785 1312 874 archiepiscopum

234 901 1312 990 Remensem,cuicertaeratnotissimum,quaecumqueepistolae

234 1026 268 1088 et
282 1015 401 1104 scripta
419 1017 592 1085 asummis
614 1015 821 1104 pontificibus
841 1015 1034 1105 darentur¹,
1056 1035 1171 1084 eorum
1193 1035 1312 1084 exem-

235 1132 336 1222 plaria
349 1130 386 1202 in
396 1131 524 1202 archivo
534 1131 620 1201 sedis
630 1133 811 1220 apostolice
820 1132 943 1200 serrari
953 1133 1070 1218 solere,
1080 1141 1179 1200 tante
1190 1140 1311 1200 mmeu

235 1247 334 1318 luisse
356 1246 492 1318 insanie
513 1255 552 1316 ut
576 1256 769 1335 corruptum
792 1247 951 1335 scriptum
973 1247 1136 1334 pontilicis
1160 1245 1310 1316 Romani

235 1362 393 1434 Romanis
406 1363 548 1450 offerret,
565 1383 667 1450 eaque
680 1361 808 1450 fraude,
826 1383 899 1450 quae
913 1362 1021 1448 detegi
1036 1383 1138 1450 quam
1151 1361 1311 1432 facillime

236 1486 372 1568 poterat,
388 1477 625 1566 periclitaretur
638 1498 674 1548 re
691 1498 751 1546 sua
768 1485 836 1546 tota
853 1476 1019 1548 frustrari.
1039 1479 1153 1564 Neque
1170 1478 1309 1565 inquiro

236 1594 343 1664 ausit
367 1593 539 1682 credibile,
572 1613 649 1668 cum
676 1593 876 1662 Hincmams
900 1590 1070 1661 Benedicti
1094 1592 1311 1678 privilegium

236 1709 375 1779 Romam
394 1709 548 1799 misisset,
565 1728 684 1796 rogans
700 1717 735 1778 ut
753 1707 787 1776 id
805 1729 920 1778 rursus
936 1708 1132 1794 firmiusque
1146 1707 1313 1795 approba-

237 1834 340 1913 retur,
366 1823 539 1893 Anastesio
569 1843 634 1890 non
662 1823 774 1891 statim
799 1823 836 1891 in
862 1831 1009 1891 mentem
1032 1824 1160 1892 venisse
1181 1831 1220 1890 ut
1245 1824 1310 1890 hoc

238 1940 400 2030 exemplar
423 1960 499 2010 cum
522 1938 696 2027 exemplari
721 1938 925 2008 bibliothece
948 1939 1105 2010 Romana
1127 1937 1306 2026 conferret,

238 2075 376 2145 eamque
398 2054 621 2142 colationem,
642 2075 743 2142 quam
766 2061 839 2122 tum
859 2053 1035 2141 debueret,
1057 2062 1189 2122 mutum
1211 2053 1310 2120 insti-

239 2172 339 2245 tuisse
353 2171 449 2242 ennis
458 2178 530 2259 posi
544 2169 755 2250 rubraue
768 2169 1176 2260 archiepiscopoRemensi
1190 2167 1310 2237 delen·

238 2286 287 2358 sio
298 2285 433 2374 fecilior,
454 2304 555 2373 quam
573 2285 626 2354 ille
642 2285 688 2358 ita
706 2283 783 2353 tacit
798 2283 1019 2370 manifestam,
1032 2294 1071 2354 ut
1087 2293 1121 2353 et
1132 2283 1310 2352 Nicolaum

239 2399 410 2497 placaverit
430 2406 463 2474 et
479 2397 691 2482 Anastasiou]¹
715 2401 858 2488 coegerit
876 2420 968 2484 arma
991 2399 1126 2486 taudem
1149 2407 1182 2482 et
1202 2407 1310 2468 artem

240 2523 380 2586 mutare.

285 2626 483 2698 Hincmarus
497 2628 600 2731 enim,
621 2638 660 2712 ut
679 2629 834 2734 diximus,
850 2629 991 2699 Romam
1007 2650 1075 2711 una
1097 2651 1176 2699 cum
1201 2629 1309 2698 Bene·

240 2742 317 2818 dicti
332 2743 500 2836 privilegio
521 2745 690 2834 epistolam
710 2766 805 2816 suam
828 2745 975 2833 miserat,
993 2766 1095 2834 quam
1109 2746 1174 2820 uisi
1188 2745 1312 2818 deinde

241 2860 435 2930 Anastasius
455 2861 658 2930 exstinxisset
679 2869 736 2928 aut
755 2860 796 2930 de
816 2860 926 2930 medio
944 2862 1086 2951 tulisset,
1097 2860 1170 2949 jem
1183 2861 1311 2949 concipi

242 2996 308 3045 non
322 2983 505 3068 potestque
525 2985 617 3066 pecto
631 2974 785 3056 Nicotaus
803 2975 899 3054 istius
919 2985 1145 3049 commentum
1160 2996 1312 3065 suscepe-

242 3090 296 3160 rit.
319 3089 403 3159 Nam
431 3089 511 3177 quid
533 3099 603 3159 eret
624 3091 756 3160 inanius
781 3112 883 3179 quam
907 3091 1127 3160 Hincmamm
1159 3110 1310 3160 accusare

243 3205 329 3296 quod
344 3205 380 3275 in
400 3225 458 3288 suo
479 3205 654 3306 exemplari
671 3206 896 3283 condicionem
910 3207 1002 3276 illam
1017 3207 1231 3295 suspiciosam
1249 3230 1267 3281 u
1281 3206 1308 3274 si

243 3322 287 3393 ite
302 3328 351 3392 est
363 3343 380 3390 u
401 3320 582 3409 delevisset,
600 3321 657 3408 qui
676 3342 788 3391 revera
808 3343 867 3411 per
886 3323 1010 3391 litteras
1034 3322 1112 3391 huic
1135 3321 1310 3410 exemplari

240 3438 370 3528 J'unctas
396 3435 567 3514 Nicolaum
588 3435 716 3515 disertis
736 3438 844 3508 verbis
869 3447 1038 3526 rogaverat
1055 3447 1093 3506 ut
1111 3448 1143 3507 at
1162 3437 1202 3520 ad
1222 3437 1310 3505 illam

244 3553 481 3624 dubitationem
496 3549 742 3624 benedictinam
756 3553 907 3624 animum
921 3553 1116 3640 attenderat,
1132 3561 1165 3623 et
1178 3573 1264 3639 eam,
1283 3551 1310 3620 ai

245 3670 314 3760 ipse
331 3688 452 3739 novum
467 3666 584 3737 laceret
597 3667 819 3758 privilegium,
835 3668 1051 3737 omittendam
1067 3676 1199 3736 curaret
1212 3676 1307 3755 atque

245 3783 368 3875 aliquid
394 3783 483 3854 aliud
504 3790 686 3874 reponeret.
726 3784 899 3872 Praeterea,
924 3785 1082 3871 quoniam
1110 3783 1308 3852 Hincmarus

246 3901 350 3988 ipsam
373 3901 518 3970 chartam
544 3899 766 3970 authenticam
793 3921 893 3988 quam
918 3900 998 3968 olim
1024 3920 1043 3968 a
1063 3897 1240 3968 Benedicta
1262 3894 1310 3964 1ss

247 4026 424 4106 acceperat,
440 4016 617 4108 prudenter
629 4014 810 4086 retinuerat
823 4016 910 4105 apud
922 4037 970 4105 se,
984 4035 1045 4085 nec
1059 4014 1200 4086 Romam
1216 4013 1314 4084 mise·

279 4279 302 4324 l.
320 4272 351 4325 V.
367 4273 490 4325 Hincmari
501 4275 583 4340 lipr'at.
594 4275 630 4326 cd
643 4273 779 4326 Nicolaum
790 4273 912 4338 l(Nigne,
928 4279 948 4324 t.
959 4275 1069 4338 cxxw,
1081 4286 1106 4337 p.
1119 4273 1170 4336 at).
