2944 5060
503 427 698 485 urrunnu
724 427 839 487 Peroe
1155 433 1201 496 363,

171 574 198 628 3.
215 571 322 632 Verum
341 571 446 628 robore
465 571 528 645 jem
541 571 643 644 juven·
734 575 762 632 2.
780 571 1203 637 ushimumostuimsmbseti

136 662 206 720 tutis
231 661 389 732 animatus,
409 659 479 734 igne
505 659 644 720 desiderii
696 661 775 718 Petri
784 663 987 736 Apostolorum
997 661 1135 736 principis
1148 663 1203 720 do·

134 749 331 828 irreiregubili
352 765 505 806 succensus
528 751 582 817 est,
611 751 642 804 ut
694 765 777 806 mum
791 751 944 824 ceteroque
959 751 1129 810 Sanctorum
1138 753 1202 810 loce

135 838 257 896 domum
286 837 364 896 besti
390 839 468 895 Petri
500 837 642 911 Principis
694 838 949 899 iuRomeneurbe
962 841 1126 913 constitute,
1139 855 1201 898 ore·

133 927 339 1000 Apostolorum
353 929 506 1000 ceteraque
522 927 640 984 Sancto·
693 925 780 982 tionis
794 926 889 1000 gretie
909 929 969 985 [teo
983 929 1089 986 comite
1103 929 1200 993 uisite-

133 1033 200 1073 rum
216 1017 324 1073 locsin
342 1018 473 1076 Romane
496 1015 567 1073 urbe
590 1032 640 1072 ex·
693 1014 750 1082 vit.
778 1015 876 1090 ibique
906 1016 1103 1092 quinquennio
1138 1019 1201 1076 tere

132 1108 237 1178 tueque
252 1105 418 1177 constitute,
429 1103 641 1178 cretionisgrs·
693 1102 779 1160 sedit.
801 1105 835 1162 ut
848 1105 1039 1177 regressionis
1058 1107 1114 1164 iter
1127 1107 1199 1164 erri-

133 1194 177 1251 tie
188 1194 326 1252 visitaret.
348 1194 476 1268 Ideoque
494 1193 639 1268 peregrini
693 1193 787 1265 piens,
806 1194 973 1252 Ravennam
995 1195 1120 1264 devenit,
1150 1197 1199 1254 ubi

132 1283 266 1340 habitum
278 1283 433 1342 edsumens
443 1287 575 1358 optatum
584 1282 640 1340 iter
693 1280 871 1353 aliquamdiu
898 1287 1070 1358 remoratus,
1101 1301 1222 1358 quom·-

133 1371 312 1445 eggreditur.
692 1371 864 1428 demetiam
877 1371 1007 1434 libellum
1029 1390 1047 1429 e
1071 1374 1198 1447 quodem

167 1463 195 1520 1.
224 1461 279 1528 Qui
305 1461 428 1521 domum
451 1461 639 1535 apostoticam
692 1459 782 1516 fratre
798 1459 935 1532 religioso
950 1462 1200 1535 praestitumtren·

131 1549 235 1606 humili
263 1550 373 1622 habitu,
404 1551 525 1612 devotus
552 1550 638 1607 corde
692 1546 831 1622 scripsit²‚
853 1566 911 1622 quo
936 1549 973 1607 ed
994 1551 1198 1609 describendas

132 1637 289 1711 ingressus,
304 1638 334 1695 iu
357 1639 487 1696 oratioue
502 1639 640 1700 continue
692 1639 859 1700 sanctorum
877 1639 1035 1714 ttertpruru
1050 1641 1197 1714 passiones

131 1727 264 1800 pervigil,
276 1727 427 1784 nocturnis
440 1728 565 1785 excubiis
575 1745 640 1802 per·
692 1743 756 1782 sese
770 1742 828 1786 non
839 1727 954 1796 modice
968 1728 1099 1802 adjutum
1111 1729 1196 1790 tuisse

130 1820 250 1873 noctere
264 1817 376 1874 crebius
388 1834 479 1892 usque
493 1817 531 1874 ed
545 1817 640 1877 lucem
692 1819 822 1886 testetur,

132 1905 307 1964 matutinam
319 1905 474 1978 gaudebat.
487 1907 562 1965 Seue
572 1922 639 1973 cum

132 1993 164 2050 iu
179 1995 312 2060 Romane
328 1995 400 2062 urbe
410 1994 543 2062 omnibus
556 2011 637 2068 paeue

129 2085 217 2140 notus
241 2086 325 2154 esset,
352 2083 550 2162 quinquennio
575 2083 638 2145 fere

130 2175 232 2230 erecto
254 2175 421 2238 Herennem
439 2172 572 2238 devenit:
589 2173 638 2238 ubi

131 2260 290 2334 quemdem
312 2260 442 2328 libellum
466 2279 483 2326 e
510 2262 637 2336 quodem

129 2349 267 2424 religioso
278 2350 439 2424 prestitum
448 2350 636 2424 transcripsit,

130 2438 555 2504 eddescribeudessentttorum
564 2441 637 2502 Mer·

128 2531 228 2600 tyrum
242 2528 417 2602 passionom.

155 2707 253 2782 unu
275 2724 425 2782 ermenus
445 2725 645 2780 prospectore
666 2725 905 2780 occursrsouuu
925 2727 965 2779 cn
986 2711 1165 2785 Aussrssro

307 2833 478 2877 rsrnsrsu
497 2832 570 2876 unc
590 2832 790 2880 nonuunurs
810 2831 1013 2882 nonoretur.

167 2969 203 3032 lu
223 2963 293 3040 Vtro
314 2963 469 3042 Benedicti
487 2963 540 3036 111
568 2965 637 3028 haec
661 2965 699 3028 de
724 2967 930 3041 Auestesieue
953 2966 1007 3041 ilte
1027 2967 1193 3046 tyrannide

128 3071 316 3137 surrecturi
332 3093 339 3136 ε

163 3205 212 3262 His
236 3205 333 3280 iteque
359 3204 492 3280 percotis,
514 3205 607 3262 clerus
625 3208 654 3262 et
676 3206 772 3263 cuncti
785 3221 917 3278 proceres
945 3204 1093 3262 decretum
1113 3221 1193 3264 com·

125 3298 269 3368 ponentes
281 3294 405 3372 propriis
421 3293 556 3351 menibus
569 3295 786 3365 roboraverunt,
805 3297 844 3364 et,
857 3294 1036 3351 consuetudo
1054 3293 1148 3376 prisce
1162 3298 1194 3350 ut

125 3384 231 3457 poscit,
246 3383 437 3440 invictisstmis
455 3383 591 3440 Lotherio
605 3399 638 3440 uc
653 3383 796 3440 Ludovico
816 3383 1030 3441 destinaverunt
1047 3383 1191 3455 Augustis.

126 3475 226 3546 Ipsum
237 3475 335 3529 eutem
350 3470 400 3545 qui
414 3470 595 3528 deducebant
604 3471 692 3543 legati
701 3470 860 3542 decretum,
871 3471 990 3528 fuerunt
999 3471 1040 3541 hi,
1062 3471 1193 3528 Nicotaus

125 3560 261 3618 videlicet
273 3559 433 3634 Anugntuae
445 3559 563 3618 antistes
576 3560 713 3630 ecclesius,
734 3563 765 3616 ct
779 3560 934 3618 Mercurius
955 3561 1094 3632 magister
1116 3559 1192 3616 mili·

125 3653 202 3721 tum,
222 3649 342 3708 Ausonio
364 3647 495 3723 Egubio⁴
518 3649 628 3724 (rectius
651 3648 813 3721 :Eugubiit
829 3649 964 3723 episcopo
988 3648 1137 3706 obviantes
1155 3647 1193 3706 ed

158 3831 184 3881 1.
197 3829 255 3880 Huc
268 3828 301 3880 eb
315 3829 367 3894 ipso
382 3827 464 3879 Adone
485 3827 518 3892 (iu
536 3827 692 3892 Proesotioue
705 3841 778 3892 cupre
794 3827 876 3891 otuu,
893 3841 919 3893 p.
931 3829 987 3891 eos,
999 3841 1024 3878 n.
1039 3826 1064 3891 1)
1078 3824 1192 3878 treuslete

125 3915 194 3960 sunt.
1053 3926 1056 3930 ·

156 3994 182 4041 2.
198 3989 237 4040 Ab
250 3989 303 4055 ipso
316 3989 401 4040 Adone
413 3985 567 4039 translatum.

157 4072 182 4124 3.
203 4069 339 4122 Editiouem
358 4067 528 4131 visontionem
548 4072 620 4133 etque
639 4063 838 4127 Btenebtnieuem
859 4065 948 4120 contuli
971 4079 1026 4116 cum
1051 4064 1192 4120 lectionibus
1238 4070 1241 4075 '

126 4149 215 4201 codicis
226 4149 337 4203 Vaticani
349 4150 420 4201 3361.

157 4232 183 4282 1.
198 4230 239 4282 Sic
257 4229 282 4280 in
295 4228 349 4282 cod.
363 4229 443 4280 Vstic.
463 4230 535 4280 3161.
554 4228 589 4280 V.
608 4226 716 4291 vignoli,
730 4233 750 4277 t.
765 4228 799 4278 111
823 4242 848 4292 p.
863 4229 918 4288 111,
934 4226 997 4276 iuter
1008 4225 1127 4278 intentes
1140 4225 1191 4277 loo-

127 4311 204 4363 tiones
209 4325 219 4374 3
231 4310 295 4373 quod
310 4309 342 4360 eb
355 4309 487 4361 editoribus
504 4307 566 4359 mete
582 4312 701 4362 mutatum
720 4312 758 4377 est
773 4307 797 4357 in
809 4306 943 4373 Eepubs'no
958 4307 991 4372 (v.
1006 4321 1087 4374 supra,
1100 4322 1123 4373 p.
1140 4307 1190 4374 62).
