2944 5060
235 412 281 464 316
597 410 789 464 APPENDlX
815 409 929 461 Palea

234 557 266 611 ln
288 572 345 629 quo
363 553 524 612 notandum
545 554 613 627 quia
633 571 691 610 non
709 553 781 610 dixit
800 553 958 609 decretales
980 551 1113 624 epistolas
1135 567 1201 624 quae
1222 551 1300 608 inter

234 661 360 701 canones
372 645 525 711 habentur,
536 659 589 698 nco
601 645 724 711 tautum,
739 659 810 715 quas
822 641 954 697 moderni
965 640 1116 713 pontifices
1131 639 1299 710 ediderunt,

235 733 286 789 sed
301 750 371 806 quas
380 733 537 789 beatissimi
551 749 634 804 papae
644 731 762 786 diversis
774 730 954 802 temporibus
969 729 1005 784 ab
1019 730 1091 784 urbe
1106 730 1202 785 Roma
1212 729 1302 784 dede·

233 825 313 877 runt.
340 821 429 876 Dictis
451 824 548 877 autem
571 820 688 876 diversis
709 819 897 890 temporibus,
920 818 1009 872 etiam
1032 816 1082 872 illa
1102 817 1302 889 temporarii·

234 914 347 966 sanctus
358 910 576 983 comprehendit
586 927 659 984 quac,
673 907 917 963 crebrescentibus
929 921 1110 978 paganorum
1122 906 1302 978 persecutio-

233 999 325 1071 nibus,
341 1001 492 1057 adsedem
505 1000 694 1073 apostolicam
715 997 820 1054 deferri
840 1014 939 1053 causas
959 997 1160 1069 episcoporum
1186 997 1300 1055 diflicil-

233 1089 302 1145 lime
312 1090 529 1162 permittebant.

657 1207 729 1260 Pans
752 1221 867 1273 aeruna.

268 1327 316 1383 llis
329 1327 371 1382 ita
383 1327 478 1382 divina
494 1329 608 1384 lavante
623 1329 717 1400 gratia
730 1327 896 1401 praelibatis,
909 1327 1099 1384 ostendimus⁴
1117 1328 1229 1383 nullam
1243 1327 1301 1382 dil·

233 1415 386 1472 ferentiam
400 1433 459 1472 esse
481 1417 557 1472 iuter
576 1434 611 1472 ea
624 1418 740 1473 decreta
754 1434 818 1490 quas
832 1418 862 1472 in
875 1417 972 1473 codice
989 1433 1135 1472 canonum
1155 1417 1302 1472 habentur

234 1504 310 1560 sedis
323 1505 485 1576 apostolicae
499 1506 665 1578 praesulum,
682 1510 712 1562 et
725 1524 760 1562 ea
773 1523 838 1579 quae
850 1523 910 1578 prae
922 1505 1107 1561 multitudine
1117 1505 1165 1560 vix
1176 1522 1231 1578 per
1246 1506 1303 1560 sin-

234 1595 303 1664 gula
328 1594 506 1650 voluminum
538 1611 660 1667 corpora
681 1596 873 1667 reperiuntur,
903 1612 969 1650 cum
990 1594 1089 1651 omnia
1107 1597 1140 1650 ¹et
1167 1595 1303 1650 omnium

235 1682 416 1739 decessoriun
440 1701 558 1740 suorum
575 1684 732 1740 decretalia
756 1685 920 1753 constituta,
946 1688 1034 1757 atque
1056 1685 1218 1740 decretales
1241 1685 1302 1756 epi-

233 1773 331 1840 stolas,
344 1789 415 1844 quas
436 1773 594 1828 beatissimi
617 1789 700 1846 papae
723 1774 841 1828 diversis
861 1773 1041 1846 temporibus
1060 1774 1096 1828 ab
1115 1773 1188 1828 urbe
1210 1775 1303 1829 [loma

235 1860 386 1933 dederunt,
408 1862 610 1919 venerabiliter
633 1880 693 1919 esse
708 1861 902 1935 suscipiendas
921 1866 951 1918 et
964 1861 1166 1918 custodiendas
1181 1861 1303 1918 eximios

233 1952 382 2022 presules,
402 1951 529 2008 Leonem
552 1951 659 2009 scilieet
681 1955 711 2007 et
735 1951 890 2021 Gelasium,
922 1951 1076 2007 mandasse
1100 1951 1300 2022 probavimus.

235 2038 369 2104 Quarnris
384 2044 414 2096 et
426 2041 481 2097 hoc
494 2042 572 2114 quod
582 2059 656 2114 saepe
671 2043 914 2097 commemoratus
924 2041 955 2096 Β.
971 2042 1029 2097 Leo
1043 2040 1211 2112 apostolicae
1224 2040 1302 2096 sedis

235 2129 353 2184 antistes
369 2129 406 2186 ad
423 2131 604 2186 Anastasium
618 2131 901 2187 Thessalonicensem
922 2129 1170 2202 archiepiscopum
1190 2130 1300 2198 scribit,

235 2217 430 2289 quorumdam
442 2223 601 2274 vestrorum
615 2219 870 2292 presumptionem
880 2218 1077 2290 potentissime
1090 2217 1169 2286 ferit,
1181 2222 1211 2273 et
1224 2217 1302 2292 quod

234 2306 306 2363 talia
319 2307 438 2378 negotia
460 2308 543 2364 nobis
568 2307 736 2363 inconsultis
758 2306 886 2362 diffinire
904 2307 1025 2363 minime
1050 2306 1189 2373 debeatis,
1211 2307 1302 2362 mani·

235 2395 307 2451 feste
323 2395 482 2454 denuntiat.
501 2397 549 2452 Ait
569 2397 648 2452 enim
661 2416 669 2452 ε
684 2399 756 2455 Num
771 2413 831 2452 enm
847 2397 956 2467 moJ'ora
969 2398 1079 2466 nepotia
1093 2401 1119 2452 et
1129 2396 1303 2466 difficiliores

235 2501 381 2541 causamn
394 2489 484 2542 enims
498 2487 611 2542 liberam
625 2488 678 2542 tibi
692 2491 761 2542 esset
773 2487 824 2542 snb
838 2490 936 2542 nostrae
947 2490 1088 2542 sententiae
1101 2489 1302 2557 exspectatione

234 2575 408 2645 suspendere,
426 2591 474 2630 nec
491 2577 565 2631 ratio
580 2578 641 2641 tibi,
661 2592 709 2632 nec
725 2577 873 2631 necessitas
886 2577 952 2644 nait,
965 2577 996 2630 in
1009 2575 1039 2630 at
1057 2575 1132 2646 qaod
1144 2589 1300 2630 mersurum

234 2667 311 2720 tuom
326 2665 463 2719 accederet
483 2665 621 2721 derlandi.
637 2667 672 2719 Et
685 2665 757 2720 item
772 2664 927 2736 deinceps:
943 2667 1105 2729 Proserlim,
1121 2664 1229 2736 inquit,
1241 2679 1300 2718 eam

236 2756 320 2809 etiam
344 2757 371 2808 sl
386 2755 454 2824 qaid
472 2754 526 2810 tole
540 2754 648 2825 aliquid
662 2757 818 2820 moeretur,
836 2753 1049 2824 exspectandum
1064 2753 1117 2809 tibi
1130 2755 1219 2821 [nent
1234 2755 1302 2824 quid

236 2842 273 2897 nd
288 2846 337 2898 tua
349 2844 473 2899 consulta
486 2845 671 2901 reso-iterem.
692 2844 727 2898 Et
738 2845 824 2915 paulo
839 2847 922 2914 post:
937 2843 990 2899 Sed
1009 2845 1116 2900 etamsi
1132 2843 1201 2914 quid
1217 2859 1300 2913 prone

234 2932 488 3004 intolerandumque
508 2935 806 3002 commiserationem
824 2936 884 2988 erat
903 2933 1088 3004 exspectanda
1115 2949 1241 3004 censoru,
1269 2937 1300 2990 at

234 3022 305 3077 nibil
328 3035 384 3077 esse
403 3024 484 3093 prius
506 3021 660 3078 decerneres
681 3039 764 3093 quam
786 3023 854 3092 quid
874 3023 952 3078 nobis
974 3023 1096 3093 placeret
1109 3023 1298 3090 conosceres2.

235 3109 318 3174 Quod
330 3127 381 3166 nos
393 3127 509 3182 quoque
524 3109 560 3165 de
572 3110 703 3167 Rothado
716 3109 795 3165 vobis
810 3127 870 3166 non
884 3111 1110 3168 irrationabilius
1124 3111 1221 3166 dicere
1235 3129 1301 3184 pos-

235 3215 342 3267 sumus,
355 3199 423 3272 quia
437 3200 506 3255 dum
521 3202 585 3255 octo
596 3200 657 3255 fere
668 3215 758 3254 annos
767 3199 978 3268 ventilaveritis,
990 3216 1044 3255 nec
1053 3199 1129 3256 ratio
1144 3200 1235 3268 vobis,
1246 3218 1301 3257 nec

235 3287 389 3344 necessitas
407 3288 461 3342 fuit
475 3288 506 3342 in
522 3288 552 3343 id
571 3289 649 3360 quod
664 3304 830 3342 mensuram
849 3291 976 3344 vestram
993 3287 1144 3344 excederet
1154 3288 1298 3345 deviandi.

236 3376 293 3434 Sed
307 3376 420 3432 etiamsi
435 3376 504 3450 quid
520 3392 605 3448 grave
620 3376 891 3450 intolerandumque
905 3377 1109 3446 committeret,
1124 3379 1225 3434 nostra
1239 3381 1301 3433 erat

236 3464 426 3538 exspectanda
439 3481 570 3532 censura,
590 3469 622 3520 ut
637 3464 708 3520 nibil
721 3465 802 3537 prius
815 3466 1007 3522 decerneretis
1029 3482 1116 3539 quam
1133 3465 1300 3538 quidnobis

236 3556 362 3628 placeret
382 3553 584 3626 agnosceretis.
616 3553 672 3610 Sed
698 3553 792 3610 dicitis
814 3555 924 3626 judicia
946 3555 1147 3628 episcoporum
1166 3570 1226 3610 non
1240 3573 1299 3612 esse

235 3644 349 3715 majora
371 3642 499 3714 negotia,
523 3659 576 3698 nec
592 3641 768 3699 difficiliores
782 3660 934 3699 causarum
955 3643 1056 3700 exitus.
1077 3647 1114 3700 At
1128 3659 1180 3698 nos
1194 3645 1299 3700 honrm

235 3732 340 3789 merito
356 3731 466 3804 judicia
486 3731 599 3804 majora
621 3732 739 3803 negotia
757 3733 890 3802 dicimus,
910 3736 938 3788 et
959 3731 1134 3788 difficiliores
1148 3749 1300 3790 causarum

237 3821 328 3878 exitus
338 3820 512 3892 judicamus,
534 3821 583 3892 qui
598 3823 706 3893 quanto
729 3823 836 3892 gradus
849 3825 915 3877 sunt
930 3821 1068 3894 precipui
1081 3825 1110 3877 et
1126 3821 1155 3876 in
1175 3823 1300 3880 Ecclesia

237 3910 340 3966 Christi
354 3909 544 3977 sublimiores,
568 3911 660 3978 tanto,
681 3925 748 3966 cum
771 3908 807 3966 de
828 3911 935 3968 horum
957 3915 1032 3968 statu
1051 3912 1097 3966 vel
1111 3926 1178 3967 casu
1192 3911 1297 3984 agitur,

269 4091 291 4165 1'.
310 4112 486 4179 Ostendemus,
500 4129 540 4179 ap.
550 4115 664 4165 coustant
677 4114 758 4179 (Anat.
767 4114 827 4179 jur.
839 4117 922 4180 pont,
937 4114 954 4164 l.
965 4116 1010 4179 el.

266 4195 291 4244 2.
307 4194 339 4245 V.
363 4193 466 4245 Collect.
481 4194 589 4259 Dionys.
608 4194 713 4258 (iligna,
733 4199 753 4244 t.
774 4195 873 4259 LXVII,
890 4210 916 4259 p.
937 4197 990 4260 291,
1010 4195 1075 4260 292).
1097 4195 1146 4248 Sed
1169 4198 1218 4248 Leo
1238 4210 1299 4262 papa

238 4272 379 4339 loquebatur
394 4273 425 4322 da
438 4273 510 4324 causa
520 4273 603 4337 Attici,
617 4274 733 4325 antistitis
744 4273 919 4339 metropolitani
935 4275 1015 4340 (ibid,
1029 4289 1055 4342 p.
1067 4277 1133 4340 292).
