2960 5052
651 733 714 800 llll

209 998 563 1106 ANASTASIO
608 996 1151 1105 BlBLlOTHECARlO

671 1541 686 1609 l

208 1734 252 1779 DE
278 1731 450 1780 ANASTASII
480 1733 635 1795 onustus,
666 1732 755 1780 ottnu
782 1731 892 1788 ATQUE
921 1729 1154 1778 INSTITUTIONE

576 1847 785 1896 DISPUTATUR

149 1997 168 2047 l.
183 1996 341 2058 Anastasius,
358 2010 404 2045 non
421 1997 531 2057 Graecus,
555 2000 582 2044 ut
602 1994 671 2044 multi
689 1993 772 2044 roluut
788 1993 889 2055 eruditi,
913 1991 954 2042 sed
976 1994 1095 2042 Romanus
1111 1991 1164 2042 luit.
1180 2017 1211 2030 -

83 2089 84 2092 ’
180 2078 215 2126 ΙΙ.
230 2075 316 2126 lllustri
331 2075 384 2124 looo
397 2074 590 2144 amplissimaque
602 2074 692 2124 familia
705 2080 771 2123 ortus
786 2080 831 2124 est.
844 2100 875 2110 -
891 2073 932 2122 lll.
947 2073 999 2132 Quo
1015 2087 1076 2122 anuo
1092 2077 1164 2122 natus
1180 2071 1212 2122 sit

180 2155 355 2218 conjicitur.—
365 2155 407 2206 lV.
422 2156 482 2204 Eam
496 2155 619 2204 solentiam
631 2154 774 2218 litterarum,
788 2153 920 2219 presertim
932 2166 1072 2214 graecarum,
1088 2166 1135 2215 qua
1144 2152 1210 2201 Ane-

177 2236 266 2286 stosius
280 2251 294 2283 a
308 2249 382 2296 puero
395 2235 516 2284 institutus
527 2241 572 2294 ost,
584 2249 705 2300 perrarum
718 2235 792 2284 fuisse
807 2234 869 2283 inter
880 2235 999 2284 Romanos
1009 2233 1081 2297 buJus
1091 2231 1169 2282 atutls
1182 2244 1211 2280 ae

179 2331 242 2381 pena
255 2314 403 2376 singularem
418 2314 561 2366 ostenditur.

193 2483 222 2552 l.
236 2483 320 2561 ¹Non
340 2485 459 2552 desunt
473 2494 618 2553 auctores
632 2484 796 2572 iidemque
810 2483 1035 2566 eruditissimi,
1050 2480 1108 2570 qui
1122 2480 1212 2548 Ana-

147 2599 287 2666 stasium
310 2598 592 2668 bibliothecarium
619 2599 802 2668 existiment
832 2597 983 2668 Graecum
1000 2597 1113 2683 luisse,
1137 2616 1212 2664 ma·

146 2727 315 2801 gnamqne
325 2714 397 2782 vitae
411 2735 477 2783 suae
486 2725 612 2802 partem
623 2714 900 2804 Constantinopoli
911 2714 1039 2783 duxisse
1048 2712 1071 2781 ¹.
1082 2710 1210 2792 Quibus

146 2829 372 2918 opinionibus,
395 2830 455 2898 etsi
475 2831 556 2897 nibil
581 2831 669 2898 aliud
691 2830 756 2898 sint
777 2851 875 2916 quem
889 2829 1082 2918 ooujeoturae
1096 2845 1212 2894 recen·

146 2945 271 3012 tiorum
290 2943 552 3033 historicorum¹,
574 2954 684 3013 tamen
698 2965 827 3014 neeesse
850 2955 910 3032 est,
926 2945 961 3012 in
975 2943 1081 3033 primo
1095 2941 1209 3009 limine

146 3059 250 3147 hujus
271 3059 509 3147 disputationis,
530 3070 730 3147 ooourrutur,
754 3061 819 3129 sive
836 3070 967 3149 propter
987 3058 1210 3127 auctoritatem

147 3195 271 3243 eorum·
288 3174 344 3262 qui
365 3177 432 3242 haeo
451 3195 657 3264 proposuere,
681 3175 747 3244 sive
768 3185 805 3244 ut
825 3175 867 3244 sit
887 3195 905 3242 a
928 3174 1088 3262 principio
1106 3172 1211 3240 maui-

181 3370 206 3416 l.
224 3367 260 3415 lta
273 3365 391 3416 lohannes
405 3365 521 3417 Mabillon
540 3366 570 3416 de
583 3367 709 3417 Anastasio
726 3365 907 3416 bibliothecario
921 3381 928 3416 ι
942 3385 954 3413 r
968 3365 1027 3416 Sine
1043 3365 1147 3416 dubio...
1165 3365 1212 3414 luit

147 3447 248 3494 natione
262 3447 357 3496 Graeous
371 3445 485 3509 idemque
499 3446 574 3495 abbas
586 3448 681 3497 Sanotae
690 3447 772 3496 Marius
784 3453 849 3496 trans
855 3446 962 3496 Tiberim
972 3461 999 3496 ao
1009 3446 1107 3496 demum
1120 3445 1210 3494 biblio-

148 3525 310 3586 theominen,
331 3532 380 3574 eto.
404 3525 526 3588 (Annales
541 3527 641 3576 ordinis
654 3527 681 3577 S.
697 3527 837 3589 Benedicti,
852 3531 871 3576 t.
891 3528 935 3590 lll,
950 3541 975 3590 p.
993 3524 1041 3589 35).
1055 3525 1125 3575 Haud
1143 3524 1212 3573 aliter

147 3605 269 3656 Antonius
294 3605 407 3656 Muratorl
429 3621 436 3654 ι
459 3606 631 3668 «Anastasius,
655 3607 697 3669 ait,
715 3606 809 3668 origiue
821 3608 926 3669 Graeous,
944 3614 995 3656 tum
1012 3619 1088 3667 grace
1102 3610 1127 3654 et
1139 3603 1212 3653 latine

148 3684 313 3748 doctissimus,
328 3691 352 3734 et
366 3686 568 3750 Constantinopoli
585 3686 626 3734 diu
642 3692 772 3736 uersatus»
786 3687 889 3751 (Script.
902 3701 953 3736 rer.
969 3685 1040 3746 nat,
1055 3690 1073 3735 t.
1089 3685 1122 3745 ll,
1135 3698 1160 3748 p.
1176 3683 1211 3746 v).

147 3767 236 3814 Nostra
251 3767 324 3814 etiam
337 3770 407 3816 etate
420 3765 519 3816 Carolus
536 3766 566 3814 de
581 3766 666 3817 Smedt
678 3768 704 3814 in
719 3767 828 3816 eamdem
845 3768 990 3816 sententiam
1005 3765 1064 3814 abiit
1079 3766 1114 3824 (v.
1128 3764 1212 3812 lutro-

147 3847 297 3896 ductionem
321 3846 465 3910 personalem
488 3847 524 3896 ad
550 3846 683 3896 historiam
706 3847 912 3911 ecclesiasticum,
930 3861 955 3910 p.
971 3845 1037 3910 222).
1061 3845 1112 3893 Hoo
1131 3848 1213 3891 autem

147 3927 229 3988 magis
246 3926 367 3988 singulare
386 3933 423 3976 est
440 3926 504 3990 quod
522 3928 546 3976 J.
560 3928 590 3976 Β.
606 3926 672 3976 Pitra
686 3927 811 3977 cardinalis
826 3927 948 3989 confinxit,
961 3927 1114 3976 Anastasium
1127 3938 1213 3988 nempe

147 4007 214 4070 apud
226 4008 320 4056 Grecos
335 4007 451 4058 mansisse
463 4011 556 4069 septem
568 4020 652 4070 annos,
664 4020 711 4056 non
725 4008 805 4056 miuus
820 4008 853 4071 (r.
867 4007 943 4068 Pitra,
963 4006 1036 4056 luris
1050 4005 1216 4056 ecclesiastici

149 4085 299 4138 &cecorum
313 4086 420 4136 historia
434 4088 459 4136 et
472 4089 645 4146 aisiamenta,
663 4092 684 4137 t.
698 4088 730 4149 ll,
745 4087 827 4146 Prot,
841 4101 865 4151 p.
881 4097 938 4144 xlx,
955 4099 980 4134 n.
993 4086 1026 4149 l).

179 4168 207 4215 2.
226 4166 315 4214 Praeter
329 4166 402 4215 rerba
420 4165 530 4229 quedam
548 4166 677 4230 Anastasii,
695 4180 747 4230 qus
761 4165 818 4217 lob.
832 4163 948 4215 Mabillon
963 4179 1089 4230 perperam
1105 4166 1130 4216 in
1146 4181 1215 4216 suem

148 4251 245 4310 partem
260 4245 329 4295 traxit
344 4245 377 4310 (r.
393 4246 463 4308 infra,
477 4260 502 4309 p.
513 4244 563 4309 36),
578 4245 643 4296 nulla
657 4248 794 4308 auotoritas,
812 4244 905 4295 nullum
917 4252 1087 4307 argumentum
1098 4248 1123 4298 in
1137 4247 1181 4297 bae
1190 4261 1215 4296 rs

150 4324 227 4372 allata
239 4329 303 4373 sunt.

1078 4418 1091 4463 3
