2954 5050
532 449 707 502 subrubra
732 451 850 503 VARlA
1176 453 1222 502 28⁹

156 591 466 679 clandestinumque
475 591 666 681 conjugium
677 592 812 679 audivit,
825 593 946 686 accepit
955 613 1115 680 magnum
1126 602 1223 682 atque

158 709 388 780 incredibilem
410 710 554 778 dolorem
568 709 595 796 1;
626 719 664 778 ut
682 708 856 797 Arsenius,
878 717 1030 778 metuens
1051 728 1093 778 ne
1112 730 1164 780 res
1181 710 1222 778 ad

113 835 115 846 '
157 827 392 916 imperatorem
417 823 609 912 deferretur,
629 844 798 894 summum
823 824 1010 912 pontificem
1032 833 1222 914 prevertere

157 941 330 1012 confestim
349 941 509 1010 statuerit.
527 941 741 1030 Quapropter,
757 940 862 1010 Roma
877 960 1041 1030 egressus,
1057 939 1224 1010 Beneven-

158 1068 234 1126 tum
247 1057 441 1146 pmperarit,
457 1077 495 1126 eo
510 1056 649 1124 maxime
664 1055 775 1124 animo
787 1066 826 1124 ut
838 1077 915 1126 cum
931 1054 1138 1146 Engelberga
1152 1076 1224 1126 rem

157 1182 262 1241 totam
277 1180 496 1262 componeret.

204 1288 318 1377 Neque
337 1289 399 1357 iter
419 1286 607 1376 ingrediens
621 1286 742 1356 oblitus
757 1297 826 1356 erat
840 1287 940 1357 solitae
957 1287 1109 1375 auantiae,
1126 1295 1222 1376 atque

156 1405 230 1473 ibat
241 1403 414 1492 pecuniam
431 1423 524 1472 suam
538 1411 671 1491 portans
683 1412 715 1470 et
725 1403 929 1472 thesaurum.
941 1403 986 1470 At
999 1401 1222 1473 Beneventum

157 1521 213 1590 vix
232 1519 393 1590 Arsenius
415 1527 619 1607 pervenerat,
634 1538 711 1586 cum
725 1519 834 1588 subito
846 1519 882 1586 in
898 1518 1052 1587 morbum
1073 1519 1224 1607 despera·

158 1645 235 1704 tum
257 1635 389 1722 incidit,
413 1645 509 1722 atque
532 1633 749 1721 Engelbergae
770 1635 837 1703 broc
862 1655 930 1704 una
952 1633 1086 1703 facultas
1102 1633 1164 1703 iuit
1186 1645 1224 1704 ut

158 1750 258 1819 amici
278 1750 450 1819 morientis
468 1758 651 1819 extremum
667 1750 820 1838 spiritum
843 1760 1005 1838 etgarum
1027 1750 1187 1840 exciperet
1195 1749 1220 1822 ².

159 1865 233 1948 Qua
251 1866 291 1935 de
307 1876 413 1935 morte
428 1865 524 1934 multi
544 1874 618 1933 tum
638 1885 785 1934 rumores
809 1874 996 1953 manarunt,
1013 1865 1132 1935 fabulis
1151 1865 1224 1954 qui·

158 1983 237 2055 dem
258 1981 421 2072 permixti,
449 1982 505 2051 scd
528 1981 584 2069 qui
605 1981 672 2049 sint
696 1990 890 2069 argumento
912 2001 1012 2067 quam
1025 1982 1111 2050 mala
1124 1978 1224 2051 luerit

158 2099 248 2186 apud
273 2098 412 2186 aequales
437 2097 532 2168 istius
552 2097 611 2164 viri
633 2096 840 2166 existimatio.
862 2096 1044 2166 Ferebatur
1060 2097 1148 2165 enim
1169 2095 1223 2185 ja·

158 2222 289 2283 centem
318 2213 498 2282 Arsenium
526 2213 766 2281 circumdatum
790 2232 860 2282 esse
889 2213 986 2282 turba
1016 2211 1220 2300 daemonum,

159 2329 375 2417 auditumque
396 2349 511 2398 eorum
534 2349 610 2396 cum
631 2328 779 2416 episcopo
798 2328 997 2397 moribundo
1020 2328 1223 2398 horrendum

158 2443 371 2532 colloquium,
395 2465 459 2532 quo
476 2443 598 2532 medio,
614 2443 666 2512 ille
681 2442 847 2530 quondam
861 2443 901 2512 ab
916 2442 1030 2512 inseris
1049 2453 1082 2513 et
1095 2443 1223 2513 diabolo

158 2578 321 2648 emersus,
349 2580 464 2629 rursus
490 2559 526 2627 in
555 2579 648 2628 suam
669 2558 808 2647 patriam
826 2544 903 2627 ¹sine
930 2558 1046 2629 viatico
1065 2558 1221 2628 Christia-

160 2697 282 2744 norum
303 2673 470 2746 abiisset

206 2791 294 2880 Ergo
306 2792 440 2862 tandem
460 2790 552 2863 sedes
573 2793 745 2880 apostolica
758 2793 800 2862 ab
815 2794 902 2862 illius
915 2793 1124 2881 oppressione
1137 2794 1222 2864 libe·

161 2908 309 2996 robatur,
333 2910 390 2997 qui
413 2919 460 2978 tot
483 2908 579 2977 annis
601 2929 713 2978 rerum
738 2909 964 2978 Romanarum
988 2929 1079 2996 pane
1100 2909 1222 2978 arbiter

162 3045 199 3092 ac
226 3025 319 3112 quasi
344 3025 473 3094 effector
498 3045 655 3114 paparum
679 3013 919 3113 luerat,cujus
944 3023 1061 3112 jugum
1085 3024 1135 3094 vix
1159 3025 1222 3113 ipsi

160 3139 329 3226 pontifices
343 3139 484 3209 Romani
505 3149 678 3228 potuerant
698 3148 857 3208 excutere.
883 3138 964 3219 Quae
986 3138 1119 3227 quidem
1140 3139 1223 3208 libe·

161 3254 244 3322 ratio
272 3255 374 3341 magis
396 3255 556 3324 evenisset
577 3255 724 3341 feliciter,
749 3254 813 3322 nisi
835 3254 996 3324 Arsenius
1020 3253 1101 3324 duos
1123 3255 1220 3344 lilios,

161 3368 250 3438 baud
269 3371 440 3458 indignam
455 3379 590 3460 parente
605 3369 766 3456 subolem,
782 3369 977 3456 reliquisset.

205 3483 349 3573 Etenim,
366 3487 492 3555 sublato
504 3485 654 3574 Arsenio,
665 3483 853 3552 Hadrianus
866 3504 945 3573 papa
961 3485 1067 3574 magis
1079 3485 1223 3554 instabat

160 3681 263 3732 factione
277 3681 370 3731 Arrenii
384 3680 446 3731 lilius
459 3682 520 3745 ejus,
533 3679 694 3742 Eleutherlus,
713 3678 787 3729 lilium
801 3679 899 3730 Adriani
918 3693 986 3744 popa
1004 3679 1035 3729 ab
1054 3678 1101 3730 elio
1119 3679 1222 3746 despon·

160 3769 238 3814 satam
257 3761 314 3814 dole
328 3761 427 3828 decepit
444 3768 469 3812 et
485 3761 574 3826 rapuit,
591 3760 684 3826 siblque
697 3759 850 3823 conjunxit.»
864 3759 987 3810 llincmari
1000 3759 1121 3825 Annales,
1137 3774 1161 3810 a.
1175 3762 1221 3812 868

161 3843 257 3908 (Pertn,
272 3844 293 3907 l,
308 3843 373 3908 tlt).

192 3929 217 3976 l.
236 3922 328 3975 «Unde
341 3923 406 3972 idem
419 3937 481 3988 papa
494 3919 599 3972 nimium
610 3926 648 3971 est
660 3921 844 3971 contristatus.»
862 3918 987 3971 llincmari
1001 3918 1114 3970 Annales
1127 3919 1219 3985 (ibid).

190 4005 216 4056 2.
235 4004 371 4054 «Arsenius
390 4003 420 4053 ad
444 4003 608 4053 illudowicum
628 4002 797 4068 imperatorem
811 4015 913 4066 pergens
928 3999 953 4048 in
971 4002 1137 4052 Beneventum
1153 4001 1222 4051 infir-

159 4085 245 4135 mitate
256 4083 387 4149 corripitur,
402 4089 428 4133 et
438 4084 578 4134 thesaurum
589 4097 658 4133 suum
672 4083 697 4133 in
711 4095 798 4132 manus
814 4079 965 4142 lnrolberge
984 4079 1142 4145 imperatricis
1156 4095 1223 4133 cam·

159 4165 288 4216 mittens...
301 4181 316 4214 r
330 4163 453 4215 llincmari
463 4161 575 4212 Annales
590 4161 680 4226 (ibid).

190 4248 215 4297 3.
235 4261 288 4296 c...
308 4251 342 4305 ct,
365 4250 392 4295 ut
411 4243 542 4307 dicebatur,
562 4256 618 4292 cum
636 4240 784 4292 demonlbus
801 4238 967 4306 confabulans,
988 4237 1040 4294 rina
1057 4234 1224 4296 communlono

160 4326 220 4378 abiit
234 4324 260 4376 in
272 4325 353 4377 locum
368 4339 472 4376 suum.»
487 4323 611 4375 llincmari
625 4321 738 4374 Annales
749 4320 841 4386 (ibic).
