3006 5050
245 411 293 461 ult
312 407 481 460 Nicotno
502 408 600 459 Part
621 409 632 458 1
654 408 823 467 EJUSQUE
843 408 1123 466 laurettaltttts
1186 417 1216 467 93

148 555 240 622 tima
253 573 367 621 rursus
379 550 594 640 conjungeret
603 552 626 639 ¹,
640 550 805 622 sedetiam
817 571 910 639 reges
922 553 1001 622 alios
1015 552 1218 625 Francorum

148 669 192 737 ad
209 689 321 758 pacem
336 687 413 735 cum
427 667 513 735 inter
535 687 582 755 se,
603 676 675 735 tum
694 666 835 735 maxime
853 688 929 734 cum
950 667 1138 738 Hludcwico
1153 673 1217 740 im-

148 794 298 871 peratore
326 783 598 870 componendam,
630 779 848 850 hortaretur¹.
883 780 987 850 Erant
1011 783 1052 851 ab
1079 785 1134 853 illo
1160 807 1219 874 per

150 897 377 985 Germaniam,
402 895 599 982 Baioariam,
625 897 858 965 Alamanniam
879 897 1030 985 exigendi
1050 919 1167 970 census
1186 910 1219 970 et

147 1012 309 1102 tributa³3
335 1023 429 1082 crant
452 1011 594 1101 denique
619 1021 782 1080 certorum
804 1011 978 1080 hominum
1004 1014 1218 1086 rescindenda

147 1128 303 1218 injuria⁴,
319 1129 459 1196 aliorum
474 1148 549 1197 sero
561 1129 767 1216 puniendum
780 1125 914 1196 scelus⁵.

193 1245 289 1312 Hanc
303 1254 412 1312 autem
426 1243 623 1330 legationem
637 1264 702 1330 qua
716 1243 840 1312 ratione
854 1245 1014 1315 Arsenius
1029 1245 1216 1336 confecerit,

147 1363 288 1446 longum
303 1355 551 1438 astjenarraret
570 1356 664 1437 Quod
686 1357 713 1424 si
735 1357 914 1428 Fuldenscs
936 1363 1082 1432 Annales
1104 1363 1219 1432 audire

147 1476 314 1562 volumus,
329 1473 357 1541 is
376 1471 617 1560 apocrisiarius,
633 1472 713 1540 dum
727 1483 909 1542 versaretur
922 1475 958 1543 in
972 1476 1124 1560 Francia,
1140 1479 1215 1566 pul·

148 1715 247 1774 Regum
260 1711 391 1762 Galliarum
400 1709 570 1774 conservanda,
581 1710 709 1761 Arsenium
726 1711 874 1776 episcopum,
885 1713 957 1776 hujus
968 1712 1036 1764 alma
1048 1714 1111 1764 sedis
1121 1721 1219 1780 aposto-

148 1791 201 1843 lica
214 1791 395 1857 apocrisiarium
409 1798 433 1841 et
444 1791 544 1840 missum
558 1791 621 1841 illico
635 1791 771 1854 destinavit,
787 1798 905 1857 quatenus
918 1792 1044 1843 reformata
1058 1809 1117 1860 pace
1131 1802 1219 1845 sancta

151 1889 190 1924 ecs
205 1873 318 1923 Ecclesia
330 1872 419 1921 linibus
437 1872 489 1921 siue
507 1871 666 1932 refragatione
685 1873 852 1935 conjungeret,
872 1879 897 1922 et
916 1873 1025 1938 quadam
1044 1875 1178 1925 necessaria
1194 1876 1219 1924 in

150 1953 283 2003 Galliarum
304 1951 405 2002 ecclesia
422 1966 451 2000 ex
475 1951 604 2014 apostolica
630 1950 759 2000 traditione
777 1957 866 2001 statuta
884 1950 1023 2014 diligentius
1044 1959 1069 2003 et
1083 1954 1220 2006 affluentius

151 2040 289 2098 perageret.
303 2049 316 2079 »
333 2033 390 2082 Vita
400 2031 501 2083 Nicolai
514 2030 632 2096 (Vignoli,
649 2037 668 2080 t.
683 2033 729 2094 lll,
742 2047 766 2096 p.
781 2032 876 2096 att-8).

182 2118 206 2164 l'.
224 2114 258 2164 V.
280 2112 349 2170 ibid.‚
377 2117 402 2160 et
418 2106 539 2161 Nicolail
561 2111 676 2176 epistolas
702 2126 731 2161 ea
752 2111 782 2161 de
797 2126 870 2162 causa
892 2112 923 2162 ad
939 2111 1092 2163 chtlrarinm
1107 2113 1218 2178 scriptas,

149 2208 190 2258 ap.
203 2192 275 2254 aare,
289 2209 315 2242 n.
329 2194 399 2256 atat,
417 2194 489 2243 277⁸.

182 2277 206 2324 2.
228 2293 240 2318 a
255 2274 366 2324 Arrenius
392 2273 527 2336 episcopus,
548 2272 641 2322 Nicolai
662 2274 764 2322 llomam
787 2271 906 2336 pontilicis
922 2271 1027 2334 lagatus,
1045 2273 1075 2324 ob
1092 2289 1177 2339 pacem
1196 2280 1221 2324 ct

152 2355 304 2404 concordiam
327 2354 388 2402 inter
407 2353 573 2402 Hlndowicum
589 2367 672 2413 regem
686 2358 712 2402 et
729 2359 828 2416 nepotes
842 2350 905 2416 ejus,
924 2352 1090 2404 Hludouicum
1109 2354 1221 2404 videlicet

151 2434 229 2484 ltalia
250 2435 420 2497 imperatorem
440 2439 465 2482 et
487 2432 639 2482 lllotharium
656 2433 756 2482 fratrem
776 2435 838 2496 ejus,
861 2434 1020 2483 renovandam
1031 2435 1121 2485 missos
1139 2442 1176 2484 est
1195 2435 1220 2484 in

151 2513 316 2563 Franciam.»
333 2513 450 2562 Annales.
461 2512 609 2573 Fulderrses,
623 2527 644 2562 a.
661 2514 706 2563 865
724 2513 813 2576 (l‘ertz,
830 2514 850 2576 i,
867 2513 933 2575 ate).
949 2513 1092 2564 'rimabatur
1110 2515 1175 2565 enim
1189 2530 1221 2565 ne

153 2593 254 2642 Carolus
275 2593 363 2643 Calvus
383 2593 408 2641 in
427 2592 559 2643 Provincia
582 2607 684 2654 regnum
707 2591 839 2654 invaderet,
858 2593 921 2657 quod
942 2593 1041 2656 quidem
1054 2609 1097 2659 per
1110 2595 1220 2645 ordinem

150 2673 308 2722 successionis
324 2673 417 2722 redibat
430 2673 459 2722 ad
475 2671 626 2722 Hlotharium
641 2678 665 2722 et
678 2671 709 2720 ad
727 2674 779 2734 ejus
794 2673 903 2735 tratrem,
922 2672 1088 2724 llludowicum
1112 2675 1220 2738 impera·

153 2761 242 2804 torem.
258 2757 337 2818 Atque
350 2769 378 2802 er
391 2754 426 2802 eis
437 2752 530 2804 Nicolai
545 2751 661 2817 epistolis,
676 2767 736 2817 quas
748 2759 801 2802 tum
815 2754 931 2803 arsenius
945 2753 970 2802 in
980 2755 1106 2803 Franciam
1123 2754 1219 2818 detulit,

153 2841 221 2884 erant
236 2833 288 2882 dua
301 2833 331 2883 de
345 2833 389 2882 hac
399 2848 425 2882 re
436 2833 540 2897 scripta.
553 2833 594 2884 Sic
608 2833 673 2881 enim
692 2833 721 2880 ad
734 2834 848 2883 carolum
862 2832 965 2883 Calvum
978 2833 1098 2882 scribebat
1111 2848 1221 2884 summus

154 2915 260 2979 pontifex
275 2929 282 2962 a
300 2913 495 2977 «Unusquisque
506 2917 615 2962 vestrum
629 2913 718 2962 suasit
734 2919 798 2963 sorte
814 2919 949 2974 contentus,
964 2919 989 2962 et
1001 2913 1106 2963 funiculo
1119 2913 1221 2964 haredi-

153 2995 210 3044 tatis
224 2993 340 3043 divinitus
354 2993 400 3042 sibi
417 2992 504 3042 collato
524 2991 621 3056 pacifice
639 2991 784 3056 perfruatur,
806 2992 885 3041 aliena
901 2993 957 3055 jura
970 3007 1017 3042 non
1034 2992 1158 3056 invadens,
1174 3007 1221 3042 non

155 3073 306 3136 subtrahens,
325 3087 373 3122 non
388 3072 542 3122 conturbans.
563 3072 647 3120 Liceat
665 3071 751 3121 dilecto
764 3071 814 3122 filio
828 3076 918 3136 nostro,
935 3078 1016 3122 vestro
1032 3078 1114 3122 autem
1129 3074 1219 3136 nepoti,

155 3169 170 3202 a
190 3155 244 3204 Deo
266 3152 452 3202 conservandum
473 3151 601 3217 imperium
623 3168 701 3217 suum,
723 3166 780 3202 cum
801 3165 876 3212 ragno
895 3152 985 3216 proprii
1002 3152 1120 3214 germani,
1139 3153 1222 3217 quieta

157 3233 277 3298 possidere
290 3231 501 3297 tranquillitate»,
522 3238 569 3282 eto.
591 3233 686 3284 Nicolai
702 3232 785 3297 Epist.
807 3231 843 3281 cd
859 3232 981 3281 Curetum
1000 3231 1104 3281 Calvum
1119 3230 1220 3295 (Migne,

157 3319 175 3362 t.
194 3315 290 3376 CXlX,
304 3328 343 3378 ep.
364 3316 405 3375 te,
426 3327 451 3376 p.
474 3315 533 3375 912;
554 3313 586 3362 cl.
603 3313 675 3376 daile,
694 3327 719 3365 n.
740 3312 822 3376 atta).
844 3313 876 3361 V.
893 3311 967 3361 etiam
984 3311 1076 3361 Nicolai
1090 3312 1172 3376 Epist.
1187 3313 1223 3363 ad

157 3395 263 3457 episcop.
278 3395 305 3443 in
320 3407 399 3458 repno
414 3391 502 3442 Caroli
515 3393 615 3443 constit.
631 3392 734 3457 (iligna,
747 3406 785 3455 ep.
801 3393 840 3455 79,
856 3403 881 3456 p.
892 3393 952 3454 9143
967 3390 1039 3454 taut,
1053 3406 1079 3442 n.
1090 3391 1172 3455 atti).

187 3475 210 3523 3.
230 3474 396 3522 «Arsenius...
413 3472 469 3521 inde
489 3487 532 3536 per
552 3472 720 3523 alamanniam
735 3477 760 3521 et
775 3471 909 3521 Baioariam
927 3486 968 3535 pro
985 3471 1128 3536 recipiendis
1144 3469 1220 3534 patri-

156 3553 241 3602 moniis
249 3553 358 3602 Ecclesia
367 3551 441 3601 sancti
454 3553 521 3601 Petri
533 3553 557 3600 in
571 3552 662 3601 eisdam
676 3551 813 3612 regionibus
821 3551 1001 3614 conjacentibus
1013 3553 1112 3602 Romam
1126 3549 1219 3599 redit.»

158 3633 279 3682 llincmari
291 3631 411 3691 Annales,
427 3647 450 3680 a.
464 3633 510 3682 865
521 3633 611 3696 (Perta,
627 3633 646 3695 l,
661 3632 726 3696 469).

187 3715 210 3762 l.
228 3712 328 3764 Rcthadi
341 3707 461 3776 uidelicet,
481 3712 586 3776 episcopi
605 3710 790 3774 Suessionensis,
806 3725 879 3776 quem
898 3710 1014 3762 Arrenius
1030 3711 1110 3774 jussus
1125 3714 1178 3757 erat
1196 3709 1221 3758 in

158 3791 322 3857 episcopatum
332 3793 455 3842 restituere
470 3792 504 3855 (r.
522 3793 606 3842 Vitam
622 3790 730 3854 Nicolai,
745 3791 762 3841 l.
781 3806 813 3854 c.,
835 3797 860 3841 et
872 3791 965 3840 Nicolai
977 3791 1061 3854 Epist.
1074 3788 1110 3838 cd
1120 3788 1220 3837 Hludo-

158 3872 245 3921 wicum
265 3874 383 3938 German.
400 3878 426 3922 et
441 3872 561 3922 Curetum
577 3871 694 3934 Calvum,
707 3887 747 3935 ap.
759 3873 850 3935 Migne,
864 3885 903 3934 ep.
917 3873 958 3933 83,
973 3885 997 3934 p.
1017 3869 1081 3933 eat),
1097 3883 1125 3916 ac
1139 3883 1221 3918 revera

158 3953 261 4002 restituit
275 3949 410 4016 (llincmari
423 3951 544 4012 Annales,
559 3967 582 4001 a.
594 3954 649 4014 865,
664 3967 689 4017 p.
704 3955 770 4014 463).

188 4035 213 4081 5.
230 4035 266 4083 De
278 4033 364 4097 quibus
382 4038 450 4082 crant
460 4031 594 4084 Waldrada
611 4037 636 4081 et
650 4031 810 4095 Engeltruda‚
829 4029 943 4080 mulieres
964 4029 1085 4079 adultera.
1101 4029 1132 4078 V.
1149 4028 1220 4096 paulo

160 4110 268 4161 interius.

189 4193 212 4240 6.
232 4193 292 4241 Cum
319 4193 450 4255 prasertim
472 4183 536 4241 hauc
565 4207 615 4242 rem
643 4193 750 4242 absolute
776 4189 916 4240 tractaverit
944 4189 1061 4240 Ernestus
1084 4188 1218 4241 Dlimmler.

161 4270 190 4322 V.
201 4272 343 4323 Gescticltte
357 4273 399 4323 des
412 4272 615 4336 ostsrcnlc'sclian
631 4272 724 4337 liciole,
736 4278 755 4326 t.
768 4273 789 4335 l,
801 4286 826 4336 p.
841 4271 886 4322 568
901 4283 956 4335 sqq.
985 4293 986 4296 ¹
