2944 5060
235 397 281 453 302
598 393 793 454 urrunnu
818 393 934 454 PRIOR

234 537 318 618 quod
335 536 417 602 inire
430 535 588 607 ridebitur
606 539 726 616 quanto
748 537 843 610 fuerit
863 537 945 607 iuter
958 534 1102 600 Adonem
1121 535 1155 604 et
1168 535 1300 606 Anasta·

232 643 314 706 sium
332 637 547 722 familiaritas,‘
558 663 606 710 ne
621 644 725 714 dinam
738 643 968 725 propinquitas.

271 751 347 820 nro
363 753 469 815 sutem
484 752 565 829 Ado,
581 769 654 816 oum
673 751 706 816 io
726 751 850 819 ltaliam
865 749 1024 831 profectus
1039 749 1099 826 est.
1114 745 1182 829 ipse
1203 747 1301 810 stiam

232 857 379 922 saeerdos
408 860 608 928 oonseoretus
616 857 638 936 ¹,
668 858 723 920 sed
747 857 839 926 sunm
857 857 977 938 aliquot
1000 874 1096 938 quem
1115 854 1301 918 Anastasius

230 962 342 1044 maJ’or,
360 981 432 1026 eum
447 963 573 1028 sireitsr
587 983 669 1034 anno
682 963 741 1028 800
755 965 848 1028 uetus
871 981 941 1028 esse
961 961 1137 1042 rideatur&
1161 963 1208 1024 De
1228 963 1301 1026 ortu

230 1069 349 1133 Adonis
374 1073 469 1152 atque
489 1070 607 1135 familie
631 1070 785 1152 quidquid
812 1069 918 1136 adhue
937 1071 1095 1148 narratur,
1112 1066 1146 1130 id
1162 1067 1301 1132 maxime

232 1195 271 1240 ea
285 1176 443 1240 Brevisrio
466 1196 538 1242 eum
559 1176 761 1256 Romanunm,
783 1179 853 1242 tum
871 1174 1040 1246 Viennensi
1060 1173 1192 1254 eruitur,
1215 1171 1300 1254 quod

233 1281 293 1346 hoo
307 1284 376 1348 loeo
392 1283 433 1346 ed
448 1303 516 1346 rem
527 1283 641 1350 deinde
654 1283 897 1364 proponendam
909 1282 986 1348 utile
997 1283 1046 1344 eet
1059 1280 1250 1360 describere.

297 1463 338 1518 Ex
351 1463 500 1519 Bonosum
515 1463 677 1520 VteNNnNSL
853 1461 894 1517 Ex
907 1462 1059 1517 Bervrnmo
1070 1460 1246 1520 emmaus.

268 1587 664 1662 t.TemporeCnroliRegis³,
674 1592 739 1661 post
831 1589 854 1642 t.
869 1586 1011 1659 Tempore
1022 1582 1119 1641 Caroli
1133 1582 1303 1659 Regis‚post

231 1678 346 1748 patrem
375 1675 551 1744 Ludovioum
579 1677 738 1749 Imperete-
793 1666 919 1746 patrem'.
932 1670 1110 1729 Ludovioum
1136 1671 1300 1744 Imperato-

232 1781 296 1820 rem
308 1764 339 1820 in
353 1765 474 1821 Francia
494 1765 672 1838 regnantis&
691 1764 739 1822 hie
792 1778 856 1818 rem
872 1761 903 1818 in
927 1761 1047 1818 Francis
1067 1760 1229 1834 regnantis,
1254 1757 1302 1814 hie

233 1857 349 1909 sanetus
362 1853 407 1909 vir
417 1853 504 1910 uetiti
514 1857 649 1926 prosapia
659 1871 737 1911 enor-
792 1855 908 1908 sanetus
922 1851 966 1908 rir
978 1852 1065 1908 notite·
1074 1852 1213 1922 prosapia
1226 1863 1302 1907 enor-

232 1942 478 2011 tus⁵‚dumadhue
487 1942 645 2002 infantulus
654 1947 737 2014 esset,
793 1945 846 2010 tue,
856 1941 926 1998 dum
940 1940 1033 1996 edhuo
1045 1939 1207 1998 infantulus
1214 1948 1300 2017 esset,

233 2029 264 2088 in
277 2031 482 2090 Monasteriam
501 2032 580 2106 quod
593 2033 739 2090 Ferrarius
792 2029 822 2086 in
836 2028 1041 2087 Monssteriam
1055 2029 1135 2102 quod
1156 2031 1301 2090 Ferrarias

233 2136 268 2176 ex
278 2120 535 2194 antiquovooant⁶‚
546 2121 739 2196 aparentibus
793 2136 827 2174 ex
840 2118 960 2192 antiquo
975 2121 1088 2190 vocant,
1104 2121 1301 2192 aparentibus

232 2208 355 2266 traditus
368 2212 420 2266 est.
529 2197 530 2200 ¹
790 2207 914 2264 traditus
927 2211 978 2264 est.

268 2301 295 2354 2.
312 2299 441 2372 Cumque
460 2299 513 2355 sub
533 2297 659 2372 regulari
675 2315 740 2357 nen·

235 2403 303 2446 sura
317 2387 447 2460 degeret,
469 2387 557 2460 inque
571 2388 621 2444 illo
637 2389 740 2445 Coeno·

232 2474 281 2532 hio
296 2475 397 2532 esteris
412 2475 520 2534 erotior
540 2479 609 2534 tuno
627 2479 742 2550 tempo·

232 2561 272 2620 ris
287 2563 459 2634 habebatur,
488 2563 625 2627 divinitus
651 2564 740 2638 inspi-

232 2655 312 2716 ratus
336 2654 422 2725 atque
437 2653 554 2732 electus,
571 2670 673 2710 omnes
687 2653 742 2709 sihi

235 2756 345 2798 ooaevos
376 2740 407 2796 in
445 2739 547 2798 studiis
577 2742 742 2799 litterarum

234 2829 339 2903 praeire
363 2830 457 2904 ooepit.
474 2830 632 2888 Lasciuium
653 2831 742 2888 eiiam

233 2917 301 2975 huie
326 2919 404 2982 aetati
434 2918 560 2982 smioem
589 2922 741 2993 ceteraque

233 3007 357 3081 puerilia
365 3024 572 3081 usquequaque
582 3007 742 3075 declinans,

234 3111 336 3153 senum
352 3097 608 3170 perfectorumque
622 3113 742 3170 gravem

234 3184 485 3242 conversationem
509 3185 613 3243 sectari
634 3185 741 3242 solliei-

235 3276 280 3329 tus
295 3274 455 3347 satagebat.

266 3453 289 3503 i.
306 3449 338 3503 V.
352 3448 464 3501 Histoire
474 3447 602 3502 litteroire
612 3451 643 3502 de
656 3451 684 3502 lo
694 3453 797 3514 Franco
812 3459 832 3505 t.
846 3451 878 3517 V,
891 3469 915 3518 p.
932 3453 987 3505 662.

265 3534 289 3582 2.
307 3532 338 3581 V.
353 3531 479 3595 Mabillou,
491 3530 555 3592 Aeto
569 3533 617 3583 SS.
632 3533 662 3583 0.
676 3532 704 3581 8.
718 3533 760 3596 Β,
770 3539 790 3584 t.
801 3534 845 3593 vt,
858 3548 882 3598 p.
894 3535 950 3598 266,
961 3549 987 3584 u.
998 3536 1024 3585 6.

264 3613 289 3662 3.
306 3613 341 3663 ex
352 3627 400 3682 qao
413 3611 513 3662 Carolus
526 3610 613 3662 Gulrm
626 3612 666 3662 hio
677 3611 737 3662 falso
756 3628 800 3682 pro
822 3613 907 3665 Cereio
927 3613 1017 3678 Magno
1037 3614 1155 3666 referatur
1172 3617 1225 3681 jem
1243 3615 1297 3670 Joh.

234 3689 359 3756 Manium,
373 3691 392 3742 1.
405 3706 438 3757 e.,
452 3690 568 3758 exposuit.

263 3775 288 3823 t.
305 3773 334 3822 io
353 3771 441 3838 quibus
456 3771 587 3823 Brevioriis
600 3771 648 3822 alia
658 3787 687 3824 ex
704 3772 810 3840 entiquis
821 3773 982 3826 monumentis
1001 3781 1107 3842 sumpta,
1126 3775 1175 3828 alis
1192 3775 1300 3842 ampliti-

234 3851 319 3917 rendo,
333 3857 361 3902 ut
373 3853 409 3918 fit,
425 3851 507 3902 addita
518 3852 637 3906 videntur.

266 3936 289 3985 6.
307 3933 349 3986 Sir
358 3933 431 3984 etiem
440 3933 470 3983 de
483 3931 524 3982 illo
536 3935 618 3999 Lupus
631 3933 806 3986 Ferrarieneisr
821 3934 1022 4000 uprogeoitorum
1031 3935 1156 3988 nobilitate
1165 3941 1265 3990 ornatur
1273 3956 1297 3990 ι.

235 4013 298 4080 Lupi
314 4015 396 4078 Epist.
411 4009 448 4064 od
459 4013 603 4066 Gerar-dom
616 4015 733 4066 comitem
748 4015 851 4080 (Misus,
866 4020 885 4066 t.
901 4011 989 4082 CXIX,
1003 4030 1029 4081 p·
1043 4017 1089 4068 696
1093 4032 1102 4082 ;
1117 4015 1245 4082 Mobillon,
1256 4032 1298 4084 op.

235 4093 288 4156 eit,
300 4108 326 4158 p.
339 4094 404 4160 266).

267 4177 291 4223 6.
307 4175 334 4223 in
348 4174 443 4226 dioecesi
460 4176 602 4227 senonensi.
620 4175 684 4226 Hine
698 4173 754 4226 ioh.
768 4173 883 4226 Mobiltoo
898 4176 1060 4240 conjecturem
1073 4177 1178 4242 sumpsit
1190 4177 1299 4230 Adonem

236 4259 318 4304 natum
333 4269 385 4304 esse
399 4255 423 4304 iu
433 4255 484 4304 loro
497 4255 575 4305 vicino
587 4254 733 4305 Ferrarieosi
745 4255 897 4306 monasterio.
909 4256 942 4308 V.
956 4271 996 4322 op·
1010 4255 1064 4318 eit,
1076 4270 1101 4320 p.
1116 4258 1172 4321 266,
1185 4273 1211 4308 n.
1226 4261 1252 4309 t.
