3006 5050
285 431 330 499 Ι460
376 447 577 500 Annstnslt
600 421 790 497 mmmm
811 446 856 498 EX
879 441 1080 498 uetsrotrs
1100 447 1255 498 NlCOLAl
1279 448 1288 498 l

285 591 509 659 auctoritatem
528 576 887 657 Pseudo-isidorianam
905 571 965 656 hoc
983 590 1053 656 loco
1066 609 1138 657 esse
1152 589 1356 656 nominatim

284 705 494 794 propositam,
522 715 621 773 restat
652 715 763 774 tamen
790 715 828 772 ut
853 706 895 772 sit
921 705 1004 773 illud
1029 726 1112 772 novo
1140 714 1354 793 argumento,

285 821 511 907 Anastasium,
532 819 612 886 dum
627 840 717 888 veras
739 819 913 888 decretales
937 821 1123 908 appellaret,
1141 819 1236 887 salsas
1249 819 1356 886 etiam

220 919 225 932 ’
285 937 486 1006 consuluisse
502 958 538 1005 ac
552 938 646 1026 plura
661 959 699 1006 ex
712 938 753 1005 iis
768 937 972 1006 clandestino
982 937 1191 1026 decerpsisse.

334 1051 448 1138 Neque
465 1053 640 1122 dicenduin
653 1054 727 1140 jure
745 1053 905 1139 existimo,
927 1054 1011 1120 hanc
1034 1053 1183 1120 eamdem
1202 1051 1354 1120 Pseudo·

284 1166 363 1235 lulii
378 1168 571 1235 decretalem
587 1167 718 1234 citatam
730 1189 800 1237 esse
815 1168 847 1235 in
863 1168 979 1236 litteris
991 1147 1115 1234 Nicolai
1128 1166 1168 1234 ad
1182 1166 1354 1254 episcopos
1458 1143 1459 1158 ἵ

286 1280 397 1350 Galliae
414 1282 554 1369 scriptis,
578 1280 712 1350 ineunte
731 1303 819 1351 anno
837 1283 900 1350 865
913 1283 934 1348 ¹.
957 1281 1083 1348 Harum
1110 1281 1243 1369 quidem
1263 1283 1353 1349 litte·

285 1416 396 1464 rarum
422 1396 530 1462 locum
556 1394 731 1482 quemdam
757 1395 803 1463 sic
821 1393 919 1462 refert
944 1393 1122 1462 Deusdedit
1146 1392 1349 1462 cardinaNs:

279 1527 306 1576 ‘u
317 1511 442 1579 Verum
455 1519 487 1578 et
499 1510 585 1578 inter
596 1511 708 1578 beatos
721 1511 903 1598 Apostolos,
916 1509 999 1578 alcut
1013 1521 1044 1576 ct
1051 1509 1147 1600 prius
1156 1512 1225 1578 PP.
1237 1511 1351 1578 Julius

284 1637 317 1696 et
347 1637 456 1715 postea
484 1627 538 1694 ille
563 1646 704 1711 magnus
737 1635 769 1695 et
793 1635 923 1694 sanctus
950 1625 1015 1693 L'eo
1038 1625 1194 1693 describit
1207 1625 1232 1707 ²,
1248 1636 1264 1690 n
1285 1637 1346 1694 etc.

285 1742 460 1824 Quassus
478 1742 573 1810 verba
590 1742 618 1809 si
642 1751 750 1810 essent
771 1762 809 1809 er
827 1741 951 1809 Nicolai
969 1741 1084 1809 litteris
1103 1741 1253 1829 decerpta
1270 1743 1350 1810 fide·

284 1859 370 1945 liter,
399 1859 528 1926 nullum
552 1867 638 1926 esset
665 1858 804 1925 dubium
830 1856 911 1944 quin
937 1865 1009 1923 turn
1036 1849 1230 1924 Anastasius
1255 1855 1350 1924 falsas

280 1973 458 2042 'decretales
474 1983 584 2060 aperte
595 1970 796 2060 protulerit³.
813 1973 870 2058 At,
881 1972 1029 2059 quamvis
1039 1970 1218 2040 Deusdedit
1231 1971 1353 2058 Regis·

285 2101 374 2157 trum
393 2087 516 2156 Nicolai
531 2087 704 2174 aliquando
719 2087 753 2154 in
766 2086 920 2154 manibus
938 2086 1104 2174 habuerit,
1120 2097 1220 2173 atque
1240 2107 1276 2155 er
1297 2107 1349 2173 eo,

281 2204 312 2271 'si
338 2224 404 2270 non
431 2224 503 2270 earn
528 2188 725 2288 epistolam,
743 2222 780 2270 ac
805 2205 920 2270 saltem
948 2201 1057 2287 plures
1080 2201 1160 2269 elias
1191 2203 1226 2268 in
1254 2223 1350 2270 suam

280 2319 513 2387 'Collectionem
526 2339 689 2386 canonum
702 2319 975 2408 transcripserit⁴‚
987 2330 1111 2408 tamen,
1126 2341 1202 2388 curn
1218 2321 1252 2386 in
1265 2332 1352 2390 cete·

285 2433 330 2500 ris
345 2432 492 2521 ejusdcm
514 2435 657 2520 epistolae
676 2434 914 2523 exemplaribus
929 2455 1002 2521 quc
1021 2435 1060 2502 ad
1076 2457 1135 2504 nos
1155 2456 1261 2523 usque
1276 2457 1351 2524 per·

284 2557 444 2618 venerunt
484 2550 551 2617 hac
581 2549 872 2617 Pseudo-luliaco
901 2551 1026 2619 mentio
1057 2571 1124 2618 non
1153 2552 1349 2638 reperiatur,

284 2664 341 2731 sed
365 2665 471 2732 solum
496 2666 674 2752 appelletur
702 2663 767 2730 Leo
793 2661 846 2750 1⁵,
881 2685 958 2732 curn
989 2665 1032 2733 sit
1063 2686 1099 2732 ea
1125 2667 1224 2733 altera
1257 2677 1351 2751 parta

283 2781 391 2865 gravis
406 2780 559 2868 suspicio,
579 2778 757 2848 Deusdedit
774 2779 986 2868 cardinalem,
1010 2781 1044 2847 iu
1067 2779 1229 2866 Registris
1250 2781 1351 2849 etiam

283 2915 443 2981 paparum
464 2894 695 2982 exscribendiS,
718 2893 897 2963 adventicia
921 2895 1070 2982 quasdam
1092 2895 1248 2980 genuinis
1271 2895 1352 2964 mis-

284 3007 422 3096 cuisse⁶‚
442 3030 479 3077 er
505 3011 566 3077 hoc
590 3031 658 3077 uno
683 3003 862 3096 eodemque
890 3010 1046 3097 ambiguo
1077 3012 1233 3098 exemplo·
1258 3011 1352 3080 colli-

316 3247 340 3295 l.
357 3243 451 3309 lligne,
465 3252 484 3296 t.
494 3247 579 3311 CXIX,
594 3263 633 3312 ep.
647 3251 687 3311 rt,
702 3263 727 3314 p.
742 3249 860 3309 stt-9083
876 3248 945 3312 tane,
962 3263 986 3299 n.
1002 3251 1073 3300 2‘l85.

315 3325 339 3374 2.
357 3325 497 3388 Deusdedit,
511 3326 629 3378 collectio
640 3342 777 3389 cononum,
787 3343 811 3392 p.
822 3330 861 3391 9⁸,
873 3343 895 3378 c.
904 3340 974 3378 oxxr.
986 3328 1026 3379 Cf.
1039 3328 1133 3392 Migoe,
1148 3327 1218 3392 ibid,
1229 3343 1253 3392 p.
1264 3331 1310 3380 too
1320 3329 1348 3378 Β.

315 3407 340 3456 3.
356 3405 532 3455 Pseudo-Iulii
545 3405 649 3469 decret„
663 3421 685 3457 c.
701 3419 729 3457 rx
742 3406 892 3471 (llinschius,
904 3424 929 3473 p.
945 3407 1011 3471 464).

316 3488 340 3534 4.
358 3487 409 3535 Hoc
422 3485 474 3550 ipse
485 3476 617 3536 Deusdedit
626 3485 714 3536 diserte
725 3486 875 3549 significavit,
889 3487 940 3551 qui,
953 3493 1081 3551 postquam
1095 3485 1209 3537 nonnulla
1219 3502 1248 3537 ax
1262 3485 1350 3538 litteris

282 3565 375 3616 Nicolai
387 3567 397 3615 l
411 3565 441 3614 ad
455 3565 608 3616 lllothacium
622 3565 730 3629 protulit,
743 3566 773 3615 ad
783 3565 856 3615 eliam
868 3565 975 3629 ejusdem
991 3581 1060 3632 pape
1071 3566 1198 3632 epistolam
1211 3567 1311 3617 uansiit
1326 3567 1349 3617 in

283 3646 346 3695 hunc
358 3646 456 3695 modum
470 3665 476 3696 ι
491 3662 505 3693 n
519 3647 580 3695 item
593 3645 618 3693 in
633 3646 737 3706 Regasto
749 3662 763 3693 »
779 3645 931 3710 (Deusdedit,
946 3661 970 3710 p.
981 3649 1037 3708 ll't,
1049 3662 1071 3696 c.
1082 3647 1130 3711 cr).

313 3729 337 3776 5.
354 3727 417 3776 Cum
431 3725 500 3776 aditis
514 3724 595 3774 confer
606 3725 736 3774 uariantes
748 3725 873 3788 lectiones,
889 3739 948 3789 quas
962 3741 991 3775 er
1007 3726 1113 3790 pluribus
1127 3725 1249 3778 codicibus
1262 3741 1349 3794 manu-

283 3805 377 3869 scriptis
399 3805 529 3868 collegerat
546 3807 577 3856 D.
593 3804 717 3855 coustant.
731 3803 764 3852 V.
778 3803 901 3854 Analecta
911 3805 987 3870 juris
998 3807 1137 3871 pontificii,
1156 3811 1176 3856 t.
1190 3806 1222 3865 X,
1238 3823 1262 3872 p.
1276 3808 1348 3857 53-8.

283 3886 350 3936 luter
368 3887 444 3937 Vuriu
454 3885 550 3937 Codicis
564 3882 722 3936 Londiuensis
740 3882 832 3946 (Neues
846 3884 950 3949 Archiv,
971 3890 990 3936 t.
1005 3887 1038 3949 V,
1058 3899 1083 3952 p.
1096 3887 1152 3950 594)
1170 3891 1196 3936 ct
1214 3887 1239 3936 in
1255 3885 1349 3936 Collec-

284 3965 352 4013 tr'one
363 3965 444 4015 trium
452 3966 579 4030 partium,
593 3976 666 4030 quam
678 3959 777 4011 Sdrulelr
789 3960 920 4025 exploravit
935 3964 969 4028 (r.
983 3966 1019 4015 De
1033 3966 1062 4015 S.
1071 3965 1173 4016 Nicolai
1182 3965 1348 4030 epulaturum

283 4041 414 4093 codicibus
438 4045 590 4110 quibusdum
610 4041 805 4105 manuscriptis,
825 4041 1001 4106 wratislaus,
1023 4048 1097 4108 1882,
1121 4061 1146 4110 p.
1161 4047 1216 4110 24),
1231 4045 1348 4111 reperitur

283 4121 382 4183 quidem
397 4123 438 4174 illa
451 4126 542 4176 Nicolai
555 4124 665 4190 epistola,
677 4121 718 4171 sed
729 4121 797 4170 deest
810 4120 849 4170 hic
863 4121 930 4172 locus
941 4124 971 4175 de
984 4140 1031 4189 quo
1044 4141 1088 4175 nos
1099 4127 1203 4188 egimus.

315 4203 339 4250 a.
358 4202 426 4260 Quod
443 4205 473 4254 de
485 4207 597 4268 Registro
611 4202 720 4266 Gregorii
734 4202 778 4252 vlt
791 4199 894 4253 affirmat
907 4205 934 4255 S.
949 4205 1094 4260 Lcincufcld.
1107 4207 1139 4256 V.
1150 4207 1232 4257 Neues
1242 4203 1346 4268 Antia,

286 4287 305 4333 t.
316 4281 348 4343 X,
362 4295 387 4345 p.
403 4283 486 4336 sta-s.
