3006 5050
269 466 298 514 92
361 465 409 515 DE
429 462 599 515 Nlcctto
619 463 715 513 ΡΑΡΑ
737 462 749 513 1
769 461 940 522 elusone
960 461 1242 515 subternatans

315 610 358 675 At
378 607 483 692 magis
506 607 589 674 mira
614 617 692 674 sunt
713 628 786 694 qnae
813 607 982 694 Nicolaus,
1014 606 1128 675 eodem
1154 605 1221 675 fere
1251 617 1339 676 tem-

270 745 358 811 pore,
375 723 415 790 ad
430 722 572 789 Francos
594 741 687 809 reges
706 731 738 789 et
757 722 921 809 episcopos
943 720 1116 789 scribenda
1137 723 1274 790 curavit.
1298 721 1336 788 In

269 838 316 905 eis
338 837 427 904 enim
446 837 601 923 epistolis,
619 837 866 923 apocrisiarium
889 857 988 904 suum
1013 838 1126 905 multis
1150 838 1243 904 effert
1268 839 1341 904 lau-

269 951 384 1039 dibus3
400 952 510 1019 laudat
524 951 595 1038 ejus
610 952 721 1031 fidem,
737 951 847 1018 laudat
859 951 1081 1038 prudentiam,
1094 951 1204 1019 laudat
1218 953 1340 1020 sancti·

269 1075 369 1134 tatem
385 1088 421 1134 ac
436 1066 652 1155 devotionem,
668 1067 888 1155 eumdemque
900 1066 1021 1135 babere
1035 1067 1155 1135 fatetur
1175 1067 1338 1155 amicum,

269 1191 301 1248 et
316 1183 552 1269 consiliarium,
568 1192 600 1250 et
614 1182 836 1250 venerandum
852 1180 993 1249 virum¹.
1020 1182 1132 1262 Quint
1158 1182 1340 1270 ArseniuS,

268 1297 404 1364 ineunte
418 1319 504 1365 anno
520 1299 597 1386 865,
622 1299 658 1365 in
679 1298 828 1383 regiones
847 1297 1019 1365 Francicas
1041 1318 1060 1364 a
1082 1318 1212 1365 summo
1228 1299 1342 1385 ponti-

268 1411 329 1480 fice
342 1412 461 1480 missus
477 1421 536 1500 est,
557 1433 595 1480 ea
615 1412 794 1481 instructus
819 1412 993 1500 legatione,
1013 1433 1086 1499 quac
1107 1422 1269 1500 quantam
1289 1413 1340 1481 illi

270 1527 421 1595 fiduciam
443 1527 595 1595 Nicolaus
610 1536 681 1595 tum
702 1526 854 1595 habuerit
878 1527 955 1595 satis
978 1546 1140 1615 superque
1161 1526 1338 1595 declarat².

270 1640 349 1709 Erat
365 1643 453 1710 enim
466 1643 607 1711 Arscnio
621 1642 734 1710 datum
752 1641 934 1729 negotium,
953 1651 1069 1709 utnon
1085 1641 1182 1709 modo
1197 1641 1341 1711 Hlotha-

270 1757 358 1824 rium
372 1777 483 1845 regem
497 1779 516 1825 a
530 1758 712 1827 concubina
723 1756 899 1826 Waldrada
908 1756 1072 1826 divelleret
1084 1757 1244 1845 uxorique
1259 1757 1344 1844 legi-

269 1993 360 2044 nullam
374 1994 498 2059 epistolam
509 1997 576 2059 juxta
592 1994 812 2046 consuetudinema
825 1994 893 2044 vobis
903 2000 982 2044 nostro
996 1994 1119 2059 pontificio
1132 1993 1268 2058 detulisset,
1283 1993 1346 2045 licet

270 2089 392 2140 nunquam
407 2076 541 2141 apostoliea
558 2076 621 2126 sedis
640 2077 712 2126 moris
726 2076 799 2125 inerit
816 2076 906 2140 absque
928 2076 1029 2137 signatis
1051 2075 1160 2139 apicibus
1176 2074 1342 2138 undecunque

269 2153 415 2217 legationem
434 2156 563 2219 suscipere,
578 2171 621 2206 nos
634 2162 716 2206 tamen
730 2171 771 2205 vos
791 2156 816 2205 in
834 2155 874 2205 illa
888 2157 1031 2205 honorantes
1046 2157 1144 2220 ejusque
1157 2156 1302 2216 gravitatem
1315 2162 1344 2204 et

270 2234 419 2299 eloquiorum
434 2235 498 2283 illius
511 2235 626 2284 veridicas
638 2242 810 2297 cognoscentes
821 2236 974 2299 assertiones,
990 2235 1157 2285 nichilominus
1169 2249 1225 2284 eum
1239 2242 1265 2284 et
1279 2235 1346 2285 sicut

270 2313 350 2364 decuit
363 2315 520 2378 suscepimus,
535 2322 561 2365 et
578 2316 600 2365 ei
619 2316 681 2366 sicut
697 2315 824 2366 honestum
843 2316 890 2366 fuit
908 2317 1083 2366 credidimus...
1108 2314 1169 2366 lllud
1190 2330 1257 2378 tere,
1275 2315 1342 2382 qpod

270 2393 334 2441 idem
345 2393 452 2442 Astullus
462 2392 566 2456 dicebat,
576 2394 650 2445 luisse
663 2396 842 2446 consuetudinis
858 2396 1058 2461 predecessorum
1072 2403 1206 2446 nostmrum
1218 2402 1342 2460 tempore,

271 2478 299 2521 ut
308 2487 335 2521 er
348 2487 500 2536 quocumque
513 2489 586 2534 regno
598 2474 679 2539 alique
690 2474 778 2537 legatio
792 2476 913 2526 adsedem
926 2478 1077 2541 apostolicam
1093 2477 1197 2540 reniret,
1209 2476 1344 2540 optimates

270 2551 371 2602 Romani
387 2551 538 2617 interessent,
552 2554 622 2604 modo
632 2569 687 2604 vero
699 2555 779 2604 nullus
794 2556 888 2606 intersit
907 2564 993 2620 praeter
1006 2557 1143 2615 Arsenium,
1157 2556 1254 2614 itanon
1268 2562 1314 2605 est.
1326 2573 1342 2604 n

270 2630 363 2681 Nicolai
375 2632 492 2695 Epistola
502 2633 539 2682 ad
546 2634 717 2685 Hludcwicum
726 2637 750 2685 ll
760 2636 851 2701 inaper.
860 2638 890 2686 V.
897 2636 967 2700 tant,
978 2638 1093 2702 depecta,
1103 2651 1158 2686 nor.
1169 2635 1219 2700 ed.,
1227 2650 1253 2685 n.
1266 2638 1346 2686 atet.

272 2712 324 2762 Hoc
337 2711 428 2763 Nicolai
443 2715 585 2778 rescriptum
600 2714 685 2764 datum
700 2730 754 2764 csse
767 2716 847 2766 medio
861 2731 884 2766 e.
899 2718 943 2767 865
959 2717 1106 2766 existimavit
1120 2715 1166 2765 Pb.
1179 2715 1241 2766 tatis
1255 2714 1342 2780 (ibid.,

271 2807 295 2857 p.
317 2793 382 2857 358),
409 2793 459 2857 sed,
483 2809 539 2844 cum
559 2795 675 2845 Arsenius
696 2794 720 2844 in
736 2796 861 2845 Francianr
875 2796 1038 2859 sitprotectus
1057 2797 1155 2848 ineunte
1176 2793 1263 2845 ecdem
1277 2810 1347 2846 anno

270 2873 305 2946 (v.
314 2874 384 2937 paulo
394 2874 512 2938 inferius),
520 2890 617 2924 necesse
626 2881 663 2924 est
671 2880 696 2924 ut
703 2874 792 2936 legatio
799 2876 839 2925 illa
846 2876 999 2940 imperatoris
1005 2877 1078 2926 missa
1085 2877 1117 2926 sit
1125 2875 1169 2926 sub
1175 2875 1277 2926 dneme.
1284 2877 1343 2927 864.

303 2956 326 3001 1.
345 2954 439 3002 «Porro
453 2954 537 3004 scitote
548 2970 591 3004 nos
605 2962 654 3004 tam
668 2954 697 3004 ad
715 2955 844 3016 gloriosum
858 2971 941 3018 regem
950 2964 1065 3019 restrum,
1076 2955 1148 3021 quem
1161 2955 1192 3005 ed
1202 2970 1253 3016 ros,
1267 2956 1343 3005 tras-

270 3030 337 3080 nium
358 3032 518 3083 venerabilem
536 3035 625 3097 sirum,
644 3037 788 3085 Hortensem
808 3036 957 3100 episcopum,
986 3035 1165 3101 apocrisiarium
1188 3039 1212 3086 et
1236 3034 1344 3084 missum

271 3110 405 3172 apostolice
419 3113 481 3162 sedis
490 3119 515 3162 et
529 3113 642 3164 dilectum
651 3115 829 3165 consiliarium
838 3115 1127 3181 aeternorumque
1135 3130 1182 3165 nos
1194 3113 1343 3180 approbata

271 3191 309 3238 est
322 3189 387 3253 fides
403 3194 429 3240 et
452 3197 580 3257 comperta
599 3195 708 3257 deuotio,
725 3201 750 3244 et
767 3195 834 3244 vobis
855 3210 951 3260 quoque
973 3210 1075 3259 persone
1095 3194 1133 3246 vel
1151 3201 1189 3245 est
1210 3194 1272 3243 lorte
1291 3208 1342 3244 non

272 3267 382 3317 omnibus
398 3269 480 3330 ignote
492 3273 643 3335 prudentia,
656 3274 798 3324 destinasse.
811 3293 823 3320 s
841 3275 932 3324 Nicolai
941 3275 1024 3339 Ept'st.
1038 3275 1075 3325 ad
1085 3276 1212 3339 episcopos
1225 3275 1252 3322 in
1263 3287 1344 3337 repeto

272 3346 360 3399 Geruli
374 3347 448 3398 Caici
455 3353 555 3401 constit.
570 3352 673 3417 (iligna,
687 3359 707 3404 t.
722 3355 810 3417 cxlx,
824 3367 864 3418 ep.
877 3356 916 3417 te,
925 3368 950 3417 p.
960 3355 1029 3418 9¹5).
1039 3370 1053 3402 o
1062 3356 1135 3406 Porro
1147 3353 1197 3403 hec
1211 3359 1236 3403 et
1249 3357 1340 3416 cetera,

272 3443 326 3493 quis
344 3427 401 3478 huic
421 3430 515 3493 paginas
529 3431 680 3496 inseruimus,
699 3434 799 3483 Arsenio
820 3434 982 3483 sanctissimo
996 3435 1122 3498 episcopo,
1141 3432 1296 3498 apocrisiario
1316 3437 1344 3480 et

272 3508 346 3557 nrisso
363 3508 497 3572 apostolice
512 3511 582 3572 sodis,
597 3513 731 3562 consiliario
745 3519 834 3574 nostro,
850 3513 973 3562 vobiscum
990 3514 1122 3564 secundum
1134 3512 1281 3563 voluntatem
1298 3511 1342 3562 Dei

271 3588 421 3653 exsequenda
433 3590 624 3644 commisimus.»
637 3592 727 3642 Nicolai
739 3596 823 3658 Epist.
834 3593 871 3642 ad
881 3593 1082 3658 archiepiscopos
1092 3594 1118 3642 ia
1126 3607 1203 3657 repon
1213 3591 1346 3643 Hlotdart'a‘

272 3673 374 3723 constit.
392 3672 494 3736 (bligne,
511 3674 580 3734 ibid,
590 3689 629 3738 ep.
643 3678 683 3738 8⁰,
695 3691 719 3740 p.
734 3677 800 3740 etc).
819 3677 926 3726 «Cetera
936 3690 1022 3726 rere...
1036 3676 1136 3728 Arsenio
1147 3673 1341 3726 reverentissimo

271 3759 295 3801 et
309 3752 459 3802 sanctissimo
476 3753 595 3819 episcopo,
616 3755 768 3818 apocrisiario
791 3762 817 3805 et
837 3757 909 3805 misso
926 3755 1149 3819 apostolicaesedis,
1166 3760 1191 3805 et
1204 3753 1344 3804 consiliario

272 3839 361 3894 nostro,
381 3832 562 3884 delecatlssime
586 3835 752 3899 prosequenda
771 3849 820 3884 non
840 3835 990 3898 indecenter,
1013 3841 1040 3886 ut
1055 3835 1183 3896 credimus,
1204 3833 1301 3897 scriptis
1319 3839 1347 3882 et

271 3908 341 3960 dictis
352 3912 533 3976 injunximus.»
546 3913 639 3964 Nicolai
651 3914 736 3977 Epist.
749 3915 785 3964 ad
797 3915 918 3966 Gerulum
931 3916 1038 3966 Calvum
1048 3915 1152 3980 (iligna,
1166 3914 1238 3977 ibid,
1249 3926 1291 3977 ep.
1300 3914 1342 3975 te,

274 4006 300 4056 p.
316 3995 381 4057 913).
409 3996 452 4045 He
469 3996 565 4060 littere,
587 4012 647 4062 quas
668 3997 719 4062 ipse
742 3997 856 4047 Arsenius
875 3998 899 4047 in
913 3997 1041 4049 branciam
1060 3997 1158 4062 detulit,
1176 3997 1271 4062 scriptae
1288 4001 1347 4044 sunt

273 4078 372 4123 exeunte
387 4089 410 4124 a.
426 4077 471 4127 864
484 4078 517 4141 (v.
532 4077 601 4141 tane,
612 4093 636 4127 n.
652 4079 723 4141 2ll³‚
735 4079 804 4136 atti,
819 4079 900 4141 etto).

305 4151 329 4200 2.
346 4153 421 4216 Hujus
439 4155 566 4218 legationis
582 4161 617 4210 sic
637 4157 711 4208 hebet
724 4156 872 4207 mentionem
886 4164 970 4209 atrctcr
981 4159 1046 4211 vita
1061 4158 1153 4209 Nicolai
1167 4159 1177 4208 l
1190 4172 1197 4208 ι
1212 4155 1346 4208 aSanctis·

273 4228 349 4280 simus
375 4237 401 4281 et
425 4247 439 4282 e
461 4237 513 4287 Deo
537 4238 713 4290 conservandus
731 4235 818 4302 presul
843 4241 954 4303 tempto
974 4238 1125 4289 restitutione
1145 4237 1209 4288 illius
1230 4233 1346 4300 (Rotbadi

273 4307 390 4374 episcopi)
405 4325 478 4375 quam
490 4329 532 4379 pro
542 4318 659 4370 abolenda
670 4317 735 4382 regis
756 4316 864 4370 Lotbsrii
877 4318 970 4383 copula,
985 4325 1010 4370 et
1025 4333 1084 4383 pace
1094 4319 1168 4370 etiam
1180 4323 1205 4370 et
1217 4313 1348 4367 maeoniis
