2944 5060
497 479 691 530 aaronem
717 481 863 532 ALTERA
1164 481 1209 531 331

158 625 161 630 ’
183 624 210 676 7.
231 623 357 676 Historia
370 621 403 677 de
417 622 549 692 iosaphat
567 629 592 678 et
605 625 744 691 Bortnom,
762 641 825 697 quae
842 641 876 680 ex
893 641 987 698 grace
1005 641 1085 681 versa
1104 627 1210 696 legitur

149 718 180 774 in
205 717 316 791 scriptis
342 719 481 775 iohannis
506 721 686 776 Damasceni.
715 723 792 777 lianc
815 721 1033 779 translationem
1057 723 1207 779 Anastasio

146 815 368 874 bibliothecario
380 817 481 874 tribuit
494 819 600 890 Caspar
611 819 743 876 Barlhius
758 819 788 876 in
801 821 879 878 Notis
895 820 931 877 ad
944 823 1049 878 Herna
1062 823 1208 894 Pastorem,

146 931 177 988 p.
192 917 260 986 9¹⁰3
270 913 321 971 sed
332 915 388 972 hee
399 931 459 972 non
470 915 611 988 probabili
625 917 800 990 conjectura.
815 917 848 974 V.
859 917 1098 990 sutrinensem.
1111 918 1207 992 desc,

147 1012 339 1088 abpfflb

184 1113 211 1168 8.
230 1112 357 1183 Dionysii
372 1111 546 1184 Araopnatta
563 1113 603 1170 tta
622 1112 722 1172 calesti
737 1113 903 1183 hierarchia,
918 1131 1017 1189 quam,
1036 1116 1110 1172 testa
1124 1115 1207 1172 Petro

148 1207 298 1265 Guillelmo
322 1209 361 1283 (r.
388 1211 626 1268 Vtramtotcnnts
652 1211 727 1283 vm,
748 1229 795 1286 ap.
819 1211 944 1286 Vignoli,
970 1215 993 1269 t.
1016 1212 1064 1283 lll,
1083 1229 1110 1285 p.
1133 1214 1206 1280 238),

147 1307 312 1365 Anastasius
331 1307 564 1366 bibliothecarius
585 1309 621 1366 de
648 1309 751 1368 Graecis
769 1311 967 1374 convertisset.
988 1309 1046 1371 Sed
1062 1308 1207 1370 monache

148 1405 245 1462 saeculi
260 1405 423 1464 duodecimi
431 1407 504 1464 tides
513 1408 567 1464 hac
577 1406 607 1464 in
616 1424 648 1465 re
662 1406 763 1465 haberi
774 1425 834 1466 non
847 1411 954 1484 potest,
967 1426 1034 1468 cnm
1046 1411 1208 1485 prasertim

147 1503 210 1576 ipse
225 1503 388 1563 Anastasius
396 1504 427 1562 in
438 1503 487 1561 illa
501 1505 623 1577 epistola
636 1507 839 1580 quamdarolo
854 1507 949 1579 Calvo,
964 1523 991 1566 a.
1007 1509 1070 1581 375,
1085 1507 1207 1585 scripsit,

143 1617 179 1658 ,se
200 1601 311 1660 Scholia
331 1602 363 1660 in
390 1601 565 1676 Dionysium,
591 1619 651 1660 non
678 1604 806 1676 Dionysii
829 1621 917 1677 opera
939 1604 1027 1663 latina
1048 1606 1208 1664 reddidisse

147 1699 356 1772 significaverit
366 1703 403 1772 (r.
414 1718 511 1776 supra,
520 1717 551 1775 p.
562 1703 635 1772 331).
647 1702 773 1759 Praebuit
782 1701 902 1759 fortasse
917 1719 1046 1760 errorem
1057 1705 1208 1764 Guillelmo

147 1797 228 1870 quod
252 1797 282 1854 in
309 1799 456 1856 nonnullis
478 1798 624 1856 codicibus
654 1815 739 1858 mser.
761 1799 824 1856 hoec
845 1800 986 1857 anastasii
1010 1800 1048 1858 ad
1072 1801 1208 1861 Carolum

147 1898 266 1956 Calvum
282 1898 403 1974 epistola
418 1916 485 1958 cum
504 1898 634 1973 Dionysii
650 1901 812 1958 hierarchia
827 1901 986 1975 legabatur.
1005 1903 1038 1960 v.
1052 1904 1206 1976 Fabricius,

146 1997 218 2053 oret.
235 1999 332 2070 Grac,
347 2001 369 2058 t.
380 1999 412 2070 ll,
422 2015 452 2072 p.
464 2000 532 2071 eee;
545 1999 635 2069 Perta,
645 1999 760 2070 Archiv,
775 2002 797 2056 t.
810 2000 867 2071 llll,
876 2016 906 2073 p.
917 2003 987 2072 ²¹93
1001 2000 1104 2074 iligna,
1115 2005 1146 2060 P.
1161 2003 1207 2073 6.,

146 2101 167 2153 t.
187 2096 231 2164 ΙΙΙ,
247 2113 278 2169 p.
295 2097 369 2154 550.

182 2197 210 2252 3.
228 2195 301 2252 tcta
311 2195 421 2253 conditi
430 2197 584 2254 aramenta·
597 2197 645 2266 Vl,
657 2194 934 2270 qnorumconrersie
944 2197 1095 2256 Anastasio
1105 2197 1209 2258 biblie-

146 2291 275 2350 thecario
289 2291 461 2352 adscribitur
472 2298 510 2364 (v.
525 2293 682 2365 Fabricius,
695 2293 766 2352 atel.
782 2293 877 2365 Grac,
893 2297 917 2355 t.
937 2295 970 2367 X,
991 2313 1021 2371 p.
1039 2298 1106 2370 6043
1121 2297 1206 2368 amr,

147 2391 243 2451 (isset.
262 2390 292 2449 d.
313 2398 383 2450 rem.
402 2393 481 2464 aas,
502 2393 525 2450 t.
545 2393 593 2466 ΙΙΙ,
610 2409 641 2467 p.
660 2393 734 2464 aes),
748 2391 818 2467 quin
832 2391 971 2451 afferatur
982 2395 1042 2453 ulla
1055 2395 1209 2452 aucteritas

148 2490 199 2547 ant
211 2505 300 2547 causa
311 2488 478 2563 probabilis.

183 2588 226 2645 10.
245 2587 342 2645 Solent
353 2587 442 2646 etiam
455 2587 607 2647 scansio
617 2587 836 2648 bibliothecario
850 2587 979 2648 tribuere
997 2589 1034 2664 (r.
1051 2590 1207 2663 Fabricius,

145 2684 215 2742 aut.
232 2684 327 2753 Grae..
339 2688 362 2744 t.
376 2687 408 2758 X,
420 2701 450 2761 p.
464 2687 530 2759 60i3
542 2687 628 2756 aaut,
643 2704 691 2760 op.
703 2687 763 2759 cit„
776 2705 806 2761 p.
818 2689 883 2761 263)
893 2689 1115 2746 translationem
1128 2689 1208 2746 illam

148 2782 331 2854 Chrestotopia
346 2784 504 2857 Nicephori,
525 2801 589 2859 quae
602 2801 677 2859 sape
692 2785 770 2843 edita
784 2789 870 2860 atque
887 2785 965 2842 notis
982 2787 1100 2844 Antonii
1117 2787 1209 2844 (lentii

146 2878 296 2952 illustrata,
316 2897 364 2954 ap.
382 2880 476 2955 tdigne
493 2882 614 2939 tandmn
632 2884 757 2956 repetita
776 2882 883 2955 legitur
906 2884 951 2956 (P.
977 2885 1022 2952 1.,
1051 2887 1073 2940 t.
1099 2885 1207 2956 exau,

146 2993 176 3051 p.
203 2980 342 3048 311331).
362 2981 400 3036 ΑΙ
420 2995 488 3037 raro
513 2981 627 3036 mntem
651 2979 733 3036 abest
754 2982 785 3036 ut
803 2979 850 3037 bic
868 2979 1010 3054 interpres
1027 2979 1107 3038 idem
1122 2982 1210 3039 luent

147 3077 235 3150 atque
248 3076 423 3149 Anastasius,
438 3080 470 3134 ut
481 3076 541 3152 ipse
552 3077 679 3152 quodam
692 3093 751 3136 sna
763 3077 956 3135 translationis
968 3077 1032 3136 leco
1043 3079 1207 3137 anastasia·

148 3190 218 3232 nam
240 3174 461 3233 translationem
481 3176 610 3249 ejusdem
632 3174 786 3248 Nicephori
816 3176 1045 3250 Gtroaeprapts'a
1066 3179 1209 3249 tripertita

146 3273 295 3346 praelixam
310 3272 484 3332 nominatim
500 3273 638 3345 citaverit,
658 3289 800 3348 suamque
825 3273 862 3330 ab
884 3273 936 3331 illa
953 3273 1116 3350 discrepare
1139 3291 1207 3349 pro·

146 3370 238 3430 tessus
251 3371 296 3428 sit.
320 3371 367 3430 Sic
385 3370 465 3429 cnhn
484 3371 514 3428 in
532 3388 558 3428 c.
582 3387 611 3429 ιν
625 3373 701 3446 part.
716 3371 749 3430 1:
767 3370 978 3444 «alienigene,
995 3389 1057 3443 seu,
1080 3374 1208 3432 uitabat

148 3471 324 3541 Anastasius,
340 3467 493 3528 rhflisuim
507 3467 590 3526 annis
603 3471 693 3526 octo»
709 3467 823 3542 (hligne,
835 3471 859 3526 t.
874 3469 981 3540 (1111113,
993 3486 1023 3542 p.
1035 3473 1098 3547 317)
1106 3487 1116 3543 3
1129 3471 1207 3546 qued

147 3583 248 3628 revera
265 3567 307 3626 ila
320 3571 365 3627 est
382 3566 459 3642 apud
472 3566 655 3626 anastasium
674 3568 712 3639 (r.
737 3567 835 3624 dtrca.
855 3568 977 3640 tripart,
992 3567 1039 3625 ed.
1061 3566 1098 3625 de
1119 3569 1204 3640 Beer,

147 3683 176 3740 p.
191 3667 246 3739 38).
264 3665 382 3725 Accedit
399 3669 432 3723 ut
450 3665 572 3740 scriptor
587 3665 674 3739 hujus
691 3663 888 3723 translationis
901 3665 1066 3740 catalogum
1083 3665 1206 3742 patriar·

148 3763 268 3823 charam
278 3764 498 3838 byzantinorum
510 3779 602 3839 usqua
622 3763 661 3820 ad
673 3761 953 3836 Constantinopolim
973 3779 992 3820 a
1012 3763 1098 3822 Gallis
1119 3767 1205 3840 atque

148 3862 262 3920 Venetis
277 3865 393 3937 captam
408 3861 588 3937 produxerit.
607 3861 656 3918 Sic
672 3859 750 3916 enim
765 3864 917 3934 postquam
931 3860 1066 3918 meminit
1079 3861 1207 3919 Desithei

146 3961 339 4034 patriarchae:
355 3981 370 4012 a
385 3961 472 4017 Paulo
486 3961 553 4033 post
572 3959 634 4016 hac
650 3962 796 4032 tempora,
818 3962 903 4031 capta
917 3976 934 4014 a
949 3959 1036 4016 Gallis
1050 3963 1080 4016 et
1094 3959 1206 4016 Venetis

147 4058 219 4116 urbe
243 4057 574 4132 Constantinopolitana,
602 4059 632 4113 et
656 4057 745 4114 electo
765 4057 873 4113 Veneto
903 4055 1082 4129 patriarcha,
1108 4061 1205 4130 aperte

146 4155 269 4212 nimium
280 4155 556 4213 desciveruntGroeci
568 4172 585 4210 a
595 4153 797 4212 communione
807 4154 881 4210 sadis
892 4155 1071 4229 apostolicae;
1082 4155 1205 4229 preinde

146 4253 177 4310 in
191 4253 379 4310 describendo
393 4254 444 4311 illo
458 4252 688 4327 patriarcharum
702 4251 832 4323 catalogo
846 4252 923 4308 ultra
935 4251 1071 4326 progredi
1085 4253 1175 4310 nolui.
1190 4274 1203 4306 n

148 4353 197 4425 (v.
215 4350 320 4424 lligne,
335 4351 418 4424 ibid,
439 4367 469 4425 p.
485 4353 564 4421 sss.)
584 4351 719 4408 Ceterum
736 4349 791 4406 hoc
811 4365 897 4422 opus,
918 4349 977 4406 sira
999 4350 1126 4422 editoris,
1148 4351 1205 4408 siva

1051 4468 1081 4516 21
