2944 5060
521 457 716 508 APPENDIX
742 454 889 507 ALTERA
1190 459 1233 511 331

171 605 210 660 ad
225 602 385 659 Latinitatis
403 601 537 658 notitiam
555 602 678 658 ildeliter
695 603 859 673 translatus,
882 605 913 656 ut
936 603 1100 674 scrupulum
1117 619 1233 659 omnem

172 700 208 756 de
221 700 386 756 nutantium
400 699 563 771 pectoribus
578 699 700 769 auferat,
716 704 745 756 et
756 700 903 772 improbas
917 698 1084 756 invidorum
1096 717 1129 756 ac
1142 701 1236 758 detra·

170 797 302 854 hentium
313 797 427 868 linguas
440 796 624 870 comprimat,
635 799 721 870 atque
729 797 925 870 ignorantiam
935 797 1058 853 instruat
1067 797 1233 868 insciorum,

170 896 380 968 consequenter
397 893 537 965 legendus
552 897 603 949 est.
614 915 629 946 n
639 895 754 966 (ldigne,
769 893 852 964 ibid,
868 912 896 967 p.
911 895 987 968 730.)

206 996 232 1051 i.
254 993 476 1064 caraecaraphar
495 993 637 1063 tripertito
652 1009 686 1050 er
703 993 862 1065 Nicephoro,
887 993 1001 1063 aaaron
1018 997 1044 1050 et
1063 994 1233 1066 Theophane,

170 1107 237 1147 cum
253 1091 416 1160 Prasatione
435 1089 471 1145 ad
486 1091 636 1146 Johannem
663 1091 819 1148 diaconum.
849 1092 914 1146 Ilaec
937 1091 1007 1146 dum
1025 1092 1234 1162 scribebantur,

136 1227 138 1234 ·
170 1189 298 1260 ignatius
312 1186 342 1243 in
355 1188 453 1244 sedem
468 1187 656 1260 Byzantinam
671 1188 819 1244 restitutus
834 1186 974 1258 vivebatl,
993 1188 1044 1244 sed
1058 1193 1120 1245 tum
1135 1190 1234 1247 Collec-

169 1293 252 1344 tanea
266 1287 303 1342 ud
317 1287 526 1343 controversiam
541 1289 565 1340 et
579 1285 721 1341 historiam
734 1286 973 1343 IIonothelitorum
987 1291 1150 1359 spectantia,
1170 1303 1235 1360 quae

167 1387 234 1458 post
246 1401 271 1440 a.
285 1385 336 1440 871
346 1383 475 1456 perfecta
485 1386 561 1452 sunt,
572 1381 739 1438 Anastasius
748 1383 879 1438 nondum
890 1382 1088 1455 divulgaverat
1099 1385 1136 1457 (v.
1147 1385 1234 1458 inira,

169 1500 199 1555 p.
213 1485 276 1553 331,
299 1499 328 1536 n.
352 1484 394 1549 8).
418 1481 599 1554 Quapropter
623 1482 866 1552 Chroaopraphiam
887 1483 1074 1553 tripertitam,
1095 1484 1235 1540 Iohannis
1324 1543 1328 1553 ,

167 1597 250 1655 papae
264 1581 324 1636 Vlll
334 1579 435 1652 primis
447 1578 637 1650 temporibus,
649 1578 686 1633 ab
698 1578 846 1634 Anastasio
858 1579 1032 1634 translatam
1042 1593 1111 1635 esse
1119 1581 1234 1652 opinor.

168 1679 262 1745 Quam
277 1677 395 1751 quidem
410 1675 574 1749 apparuisse
596 1678 664 1731 ante
686 1691 712 1732 8.
738 1678 790 1732 872
809 1675 985 1732 recentiores
1002 1676 1122 1749 quidam
1143 1677 1234 1734 critici

168 1780 344 1847 asseverant,
361 1779 390 1832 at
402 1774 476 1831 falsa
489 1789 524 1830 ea
538 1773 674 1846 opinione
694 1773 782 1842 ducti,
806 1775 885 1846 quod
904 1775 1066 1830 Johannem
1081 1775 1235 1832 diaconum

166 1874 215 1932 eui
227 1873 453 1944 Chronopraphio
469 1871 645 1942 inscribitur,
664 1870 801 1927 eumdem
817 1889 878 1928 esse
894 1871 1060 1929 existimant
1072 1874 1122 1946 qui
1139 1891 1166 1930 a.
1182 1877 1235 1932 872

165 1973 311 2030 iohannes
329 1987 405 2044 papa
427 1971 487 2026 VIII
508 1970 600 2026 Iactus
624 1967 696 2026 esti.
722 1971 805 2038 Nam,
828 1973 859 2026 ut
882 1970 939 2026 alia
957 1971 1101 2041 omittam,
1122 1975 1235 2028 tantum

161 2071 251 2126 abest
260 2074 291 2126 ut
303 2087 338 2126 ex
353 2069 397 2125 his
411 2068 520 2124 duobus
531 2083 606 2123 unus
616 2067 722 2124 merito
736 2067 888 2138 efficiatur,
902 2070 1087 2124 utJohaunes
1097 2069 1235 2125 diaconus

168 2185 242 2240 opus
257 2167 335 2241 quod
352 2165 466 2238 scripsit
487 2167 523 2222 de
540 2167 607 2223 Vita
627 2166 753 2235 Creparii
767 2168 806 2222 III.
823 2165 860 2221 ad
872 2166 1035 2223 iohannem
1048 2183 1157 2239 papam
1175 2169 1234 2224 Vlll

169 2265 364 2338 composuerit
373 2263 410 2338 (v.
422 2263 561 2320 iohannis
576 2261 692 2340 diaconi
704 2263 818 2320 Carmen
834 2264 871 2319 ad
884 2264 1032 2320 Johannem
1044 2281 1147 2337 papam
1158 2267 1233 2334 VIII,

168 2381 216 2436 ap.
231 2363 335 2434 iligna,
351 2364 374 2419 t.
392 2363 486 2430 LXXV,
509 2378 538 2434 p.
557 2361 612 2434 69).
635 2361 786 2430 Ceterum,
808 2361 840 2417 in
860 2361 988 2434 Epistola
1007 2362 1235 2434 Chronoqraphiae

166 2464 313 2532 tripertita
336 2460 469 2532 praefixa,
489 2459 656 2516 Anastasius
676 2462 802 2516 mortem
823 2459 999 2532 prospiciens
1018 2460 1058 2516 sie
1072 2461 1234 2517 Iohannem

167 2559 322 2616 diaconum
337 2557 562 2630 alloquebatur:
580 2556 634 2613 «si
646 2557 777 2613 decessus
791 2557 851 2612 mei
870 2557 966 2614 debito
986 2561 1147 2630 preventus
1166 2576 1234 2632 pro-

166 2659 294 2733 positum
308 2672 379 2729 opus
394 2671 449 2728 ego
463 2653 558 2711 minus
579 2654 616 2711 ad
630 2656 739 2712 calcem
752 2655 925 2728 perduxero,
940 2659 973 2711 tu
986 2657 1087 2712 tamen
1100 2656 1130 2712 id
1140 2657 1234 2729 depe-

165 2758 223 2814 rire
235 2755 355 2813 minime
367 2757 479 2826 patere,
494 2755 547 2810 sed
566 2753 597 2809 in
612 2756 754 2826 quantum
774 2755 828 2821 est,
848 2754 971 2825 qualiter
995 2757 1025 2810 et
1041 2755 1092 2810 ubi
1105 2755 1231 2825 libuerit,

167 2858 271 2910 utere»
285 2853 342 2925 (ed.
362 2853 397 2908 de
410 2853 495 2921 Boor,
509 2854 531 2908 t.
547 2852 581 2920 ll,
597 2867 625 2924 p.
642 2851 688 2920 31,
699 2852 729 2906 81
740 2850 845 2922 Iligne,
857 2853 890 2907 Ρ.
901 2851 946 2920 a,
958 2854 980 2908 1.
997 2852 1088 2922 CVIII,
1099 2869 1127 2924 p.
1141 2852 1232 2926 1190).

165 2953 310 3010 Anastasii
318 2954 440 3008 Historia
455 2952 597 3022 tripertita
605 2964 671 3004 cum
680 2947 756 3003 notis
767 2948 1016 3006 CaroliAnnibalis
1028 2950 1155 3006 Fabrotti
1163 2950 1233 3022 'pro-

166 3051 221 3107 diit
232 3051 308 3106 inter
322 3050 600 3121 Scriptoreshistoriae
609 3049 779 3116 aaronitae,
795 3047 921 3115 Parisiis,
937 3064 963 3102 8.
977 3049 1044 3104 1619
1055 3058 1112 3119 (ap.
1127 3047 1231 3118 Iligne,

166 3153 199 3208 P.
221 3151 265 3218 6.,
290 3152 311 3204 1.
335 3149 426 3216 CVIII,
450 3164 479 3219 p.
500 3148 588 3214 1187),
616 3148 704 3217 atque
727 3144 862 3200 eamdem
883 3145 1049 3218 nuperrime
1068 3163 1143 3201 nova
1165 3163 1233 3202 cura

166 3263 333 3320 magnoque
355 3245 525 3301 eruditionis
546 3245 689 3314 apparatu
709 3242 801 3299 edidit
822 3245 940 3300 Carolus
964 3243 999 3298 de
1018 3245 1104 3312 boor,
1120 3243 1230 3315 Lipsiae,

168 3362 194 3401 a.
209 3347 288 3414 l885,
301 3345 332 3400 in
349 3343 519 3415 Theophanis
534 3341 768 3412 Chronoqraphia,
783 3344 805 3396 1.
822 3343 856 3410 11,
872 3358 901 3413 p.
916 3344 948 3397 91
966 3358 1030 3414 sqq.

201 3445 229 3498 7.
250 3443 331 3499 Casto
353 3441 383 3498 S.
409 3441 524 3495 Martini
542 3454 632 3510 papa,
654 3454 722 3493 cum
742 3441 907 3507 Prasstione
927 3438 964 3494 ad
983 3441 1136 3497 Martinam
1156 3440 1232 3497 Nor-

165 3543 285 3605 niensem
304 3541 468 3611 episcopum,
490 3553 554 3610 quae
577 3537 683 3609 scripta
707 3540 749 3592 est
767 3559 782 3588 «
801 3536 959 3608 indictione
980 3538 1039 3592 v111
1060 3537 1151 3611 (Sept.
1167 3538 1232 3593 871-

167 3639 246 3712 Sept.
262 3637 334 3711 875),
350 3640 482 3708 tempore
494 3635 633 3692 iohannis
648 3637 705 3691 Vlll
718 3652 824 3707 papaev
843 3636 957 3707 (Migne,
976 3639 1008 3692 P.
1023 3637 1066 3703 1.,
1086 3638 1106 3691 1.
1122 3636 1229 3705 CXXIX,

164 3753 194 3808 p.
211 3737 262 3792 586
277 3735 317 3808 C).
336 3735 417 3792 desta
437 3733 486 3789 illa
502 3733 669 3790 Anastasius
690 3733 879 3789 Collectaneis
901 3732 938 3788 ad
960 3733 1113 3790 historiam
1132 3735 1230 3790 liono-

165 3833 332 3890 thelitarum
346 3832 526 3904 interposuit,
545 3830 596 3886 sed
608 3833 670 3904 jam
686 3834 771 3887 antea
785 3830 940 3902 separatim
960 3831 1090 3887 ediderat
1103 3832 1140 3904 (v.
1157 3835 1229 3888 Prae-

197 4015 219 4063 1.
238 4012 278 4064 Sic
293 4012 357 4062 enim
375 4012 514 4063 Anastasius
533 4013 556 4060 in
572 4012 729 4077 Proefatr'one
745 4028 755 4062 .·
770 4028 784 4060 a
839 4012 936 4075 Ignatii,
956 4027 998 4076 qur
1012 4011 1090 4061 adhue
1109 4017 1228 4075 superest,

165 4094 269 4144 habenas
285 4093 547 4157 ConstantInopolitana
571 4099 657 4143 tenens
678 4092 806 4143 sceleste»
834 4092 883 4157 (ed.
900 4092 999 4142 Carolus
1018 4092 1048 4141 de
1066 4093 1138 4154 Boor,
1155 4097 1175 4142 t.
1194 4093 1227 4154 ll,

164 4188 189 4238 p.
205 4175 234 4223 33
240 4187 249 4235 ;
259 4173 350 4236 Migne,
366 4173 397 4223 P.
411 4173 451 4236 G„
467 4178 484 4223 1.
496 4175 583 4236 CVIII,
594 4189 619 4237 p.
635 4173 715 4238 1189).

194 4255 219 4306 2.
235 4253 300 4304 J.-A.
314 4253 446 4316 Fabricius,
461 4253 615 4305 Bibliotheca
626 4254 724 4316 Graeco,
740 4259 760 4303 t.
773 4253 805 4316 X,
820 4267 845 4317 p.
856 4254 917 4315 681;
928 4251 1000 4315 Babr,
1017 4251 1106 4302 Gesch.
1120 4253 1148 4302 d.
1162 4256 1227 4304 rom.

165 4334 320 4395 tin.,t.111,
336 4346 362 4396 p.
375 4334 430 4384 264.
1215 4358 1217 4362 ·
