3006 5050
227 423 272 470 lid
310 418 517 470 anasrasn
537 416 732 467 lNGENlllbl
754 414 1024 489 nanersrotls
1045 413 1201 464 Nicator
1223 415 1232 463 l

225 563 294 630 haec
320 568 429 630 essent
458 567 596 646 patrata,
625 557 759 645 quidam
791 576 860 625 rem
893 575 960 622 non
991 555 1128 623 dubiam
1156 553 1303 622 infitiari

226 673 415 758 maluerint,
430 693 529 760 quarn
553 673 650 741 talem
673 671 826 740 astutiam
844 671 879 738 in
900 671 1084 756 Nicolaum,
1103 669 1300 739 celebratis-

226 791 348 858 simum
365 787 564 876 pontificem‚
578 787 735 856 conferre.

270 903 337 971 Nos
350 923 425 971 vero
435 902 545 971 animo
555 903 705 972 liberiore
718 901 928 972 ostendamus
938 921 1003 988 qua
1018 899 1143 968 ratione
1152 900 1297 967 Anasta-

226 1018 343 1087 sinsin
358 1018 417 1086 hac
432 1037 467 1086 rc
483 1018 684 1106 processerit,
704 1038 741 1085 ac
758 1018 903 1106 primum
921 1015 962 1084 de
975 1015 1062 1083 falsis
1076 1014 1295 1082 decretalibus

225 1143 297 1202 turn
319 1155 336 1199 a
357 1131 457 1201 Gallis
479 1133 698 1219 interrogatus
721 1131 889 1220 cumipse
913 1133 981 1200 baec
1001 1131 1120 1218 scripta
1143 1128 1295 1196 nondum

225 1249 372 1334 haberet,
389 1269 453 1335 qua
468 1247 640 1315 calliditate
653 1269 734 1316 usus
748 1248 802 1316 sit.

271 1364 329 1432 lV.
355 1363 454 1430 Anno
474 1363 603 1431 circiter
626 1363 703 1450 857,
730 1362 872 1448 chilo,
900 1360 1099 1430 Sunonensis
1134 1359 1297 1445 archiepi-

225 1501 354 1569 scopuS,
377 1479 541 1567 ceterique
575 1479 723 1566 ejusdem
748 1478 921 1547 dioeceseos
946 1477 1088 1564 episcopi
1115 1477 1291 1545 consilium

225 1595 367 1664 inierant
394 1604 431 1662 ut
458 1594 714 1681 Herimannum,
739 1593 927 1682 episcopum
957 1593 1206 1678 Nivcrncnsem,
1237 1590 1294 1659 cui

225 1709 336 1779 deerat
354 1731 429 1778 cum
449 1709 606 1798 corporis,
622 1719 694 1776 tum
714 1710 813 1778 etiam
827 1707 948 1776 mentis
968 1707 1151 1795 integritas,
1172 1728 1192 1774 a
1217 1727 1294 1774 mu·

226 1846 303 1894 nere
325 1825 515 1894 sacerdotali
535 1833 734 1912 amoverent,
754 1845 831 1891 cnm
851 1825 898 1893 cis
923 1821 1049 1912 objecta
1072 1823 1133 1889 luit
1155 1822 1294 1911 epistola

224 1940 385 2028 quasdam,
401 1961 468 2007 non
482 1935 644 2029 quidema
657 1938 834 2008 Malcbiadc
848 1959 943 2026 papa,
966 1947 1003 2005 ut
1020 1947 1091 2006 tum
1109 1937 1288 2020 ferebatur,

225 2055 266 2123 ad
279 2055 441 2150 Hispanos
469 2056 600 2143 scripta,
617 2054 675 2122 sed
691 2076 709 2122 a
725 2053 997 2122 Pseudo-Isidoro
1007 2053 1158 2138 conficta,
1174 2051 1211 2118 in
1223 2073 1292 2139 qua

224 2181 421 2259 praeceptum
446 2178 515 2238 crat
535 2178 573 2238 ut
592 2189 633 2238 ne
652 2169 793 2258 episcopi
808 2170 930 2258 absque
945 2167 1031 2236 sedis
1044 2165 1200 2236 Romanae
1215 2187 1293 2234 auc·

228 2287 355 2354 inritata
364 2284 623 2373 judicarentur¹.

269 2399 340 2480 Oua
354 2399 402 2468 rei
418 2401 560 2468 novitate
577 2399 695 2469 incerti
709 2397 790 2468 Galli
805 2400 883 2490 quid
898 2408 1044 2490 agerent,
1058 2399 1218 2488 veritique
1234 2418 1289 2487 ne,

225 2517 253 2584 si
272 2511 357 2585 esset
381 2517 449 2585 haec
471 2517 603 2605 epistola
630 2519 664 2585 in
691 2519 845 2587 manibus
863 2519 1136 2604 Romanorumn
1160 2517 1291 2585 b'icolao

225 2631 486 2719 vituperarentur
517 2654 695 2721 pinnasque
729 2633 921 2702 temeritatis
951 2633 1077 2720 darent,
1115 2633 1291 2720 sapientis-

225 2746 347 2815 simum
377 2768 448 2817 esso
480 2753 667 2817 statuerunt
699 2748 875 2816 adsedem
907 2749 1113 2836 apostolicam
1133 2747 1288 2816 scribere.

225 2860 305 2929 Erat
319 2862 409 2930 eninr
431 2881 449 2931 a
475 2861 511 2930 S.
537 2862 738 2948 Hieronymo
758 2862 872 2930 datum
897 2864 958 2930 hoc
983 2871 1195 2951 pracceptum,
1221 2871 1291 2930 erat

224 2977 324 3044 etiam
353 2979 413 3046 boc
440 2977 581 3065 antiquae
603 2978 861 3067 consuetudinis,
887 2988 937 3064 ut,
962 2978 990 3046 si
1019 2998 1084 3064 qua
1112 2976 1291 3046 carituris

224 3090 449 3159 Rornanorum
469 3093 659 3178 pontificum
673 3093 822 3162 existeret
836 3093 1013 3182 contentio,
1028 3093 1068 3158 ad
1086 3092 1290 3160 chartarium

226 3205 759 3296 ecclesiaeRomanaeprovocaretur
768 3206 792 3278 ².
803 3208 1007 3297 Quapropter
1015 3206 1291 3297 Weniluejnsque

257 3392 281 3442 l.
297 3390 455 3456 «Episcopus
476 3390 550 3441 nolite
569 3391 687 3458 judicare,
709 3392 783 3444 nolite
805 3391 981 3458 condempnare
1008 3392 1099 3459 absque
1125 3390 1189 3442 sedis
1219 3391 1291 3456 hujus

224 3471 376 3522 auctoritate.
395 3470 465 3532 Quod
482 3471 502 3520 si
519 3471 633 3537 leocritia,
655 3473 722 3523 irrita
740 3480 811 3524 eruat
830 3479 908 3523 restra
919 3473 1010 3538 inditia
1027 3479 1052 3524 at
1069 3487 1112 3522 ros
1128 3472 1291 3538 condempna-

225 3550 348 3601 bimini.»
365 3549 614 3602 Pseudo-Melcbiadis
627 3553 711 3618 Epist.
726 3552 804 3616 prim.
822 3566 843 3603 c.
860 3565 880 3602 11
896 3552 1044 3616 (llinscbius,
1059 3567 1084 3617 p.
1097 3553 1162 3616 243).

254 3632 279 3682 2.
298 3631 383 3682 «Sia
406 3645 445 3681 ma
463 3631 545 3680 llctam
567 3629 693 3695 epistolam
713 3632 850 3695 suspicaris,
870 3646 913 3681 cur
932 3647 986 3682 cam
1010 3632 1035 3682 in
1054 3634 1168 3683 Romana
1185 3628 1291 3680 ccclesiae

224 3707 342 3762 chartario
358 3726 406 3762 non
421 3711 564 3777 requiriri»
583 3711 723 3775 Hieronymi
737 3711 861 3777 Apolopiu
871 3711 993 3762 adversus
1012 3711 1090 3762 libros
1103 3711 1200 3776 Rufini,
1212 3709 1230 3760 l.
1245 3711 1290 3768 lll,

223 3802 248 3840 c.
258 3802 294 3844 xx
308 3791 410 3856 (stirne,
428 3793 460 3843 P.
473 3793 511 3856 L.,
526 3797 544 3844 t.
560 3792 627 3852 lllll,
641 3805 666 3855 p.
677 3793 744 3854 tit).
759 3793 795 3840 lta
809 3798 901 3855 egerat,
912 3791 992 3842 seculo
1007 3798 1100 3856 octavo,
1115 3791 1142 3842 S.
1158 3789 1291 3842 Bonifatius

224 3870 390 3933 Mogontinus,
403 3873 454 3939 qni,
465 3888 520 3923 cum
535 3871 655 3922 dubitaret
669 3885 700 3920 an
712 3869 813 3935 epistola
825 3871 936 3936 quasdam
948 3873 975 3923 S.
992 3870 1102 3934 Gregorii
1112 3870 1205 3922 sincera
1218 3875 1290 3934 assat,

222 3949 366 4013 aGrcgorio
383 3967 445 4018 papa
464 3953 497 4005 lll
509 3950 651 4013 efflagitavit
671 3956 697 4000 ut
715 3948 886 4000 bibliothecam
897 3950 1004 4002 ccclesia
1022 3953 1135 4001 Romanas
1149 3949 1290 4011 investigari

219 4028 325 4092 juberet.
342 4032 437 4092 Quibus
450 4033 561 4099 precibus
579 4031 759 4095 obtemperasse
780 4030 924 4091 Gregorium
944 4031 978 4082 lll
995 4045 1023 4082 cx
1036 4030 1075 4080 his
1089 4029 1178 4082 littaris
1191 4035 1291 4094 apparat

222 4121 282 4173 quas
293 4109 363 4172 paulo
376 4117 429 4174 post
442 4113 577 4164 Bonifatius
590 4111 621 4162 ad
632 4109 787 4162 Nothalmunr
804 4109 1002 4161 Cantuariansem
1018 4109 1125 4176 archiep.
1143 4109 1246 4174 scripsit,
1266 4109 1290 4158 in

222 4186 310 4251 quibus
323 4189 406 4240 siccat
419 4211 425 4242 r
440 4210 452 4238 a
465 4193 582 4245 Similiter
595 4199 621 4242 et
637 4191 767 4253 diligenter
778 4189 886 4252 obsecro,
904 4195 931 4238 nt
945 4189 1008 4240 illius
1024 4189 1138 4254 epistolar,
1153 4205 1202 4255 qua
1213 4188 1288 4239 conti-

223 4271 321 4330 nentur,
336 4275 362 4319 ut
371 4268 462 4334 dicunt,
473 4273 670 4336 interrogationes
678 4269 809 4335 Augustini
819 4284 847 4320 ac
861 4269 1022 4335 predicatoris
1038 4270 1110 4336 primi
1119 4269 1254 4333 anglorum
1266 4275 1293 4322 ct
