2944 5060
263 469 307 518 3⁰8
625 463 819 516 lrrnnnix
843 463 958 515 PRIOR

261 626 370 682 magna
381 608 480 682 populi
487 607 667 680 praecedente
682 611 807 679 caterva,
820 605 851 662 in
860 605 1009 662 basilicam
1026 603 1251 674 coimmunis,
1262 622 1329 678 quae

262 698 299 754 ad
321 701 448 771 Praesepe
472 695 796 766 dicitur,deduxerunt;
816 696 846 751 in
869 713 926 769 qua
949 693 1068 767 jejuniis
1094 697 1124 749 et
1149 693 1330 750 orationibus

260 787 351 843 tribus
366 787 466 842 diebus
484 787 671 858 noctibusque
686 789 828 856 vacantes,
847 800 994 840 summam
1008 783 1192 856 majestatem
1212 781 1329 840 Domini

260 877 357 932 multis
376 893 442 932 cum
456 874 583 932 lacrimis
595 875 763 931 exorabant.

299 1028 405 1108 Neque
432 1027 488 1089 abs
503 1047 537 1088 re
563 1030 610 1089 est
625 1028 685 1089 hoc
707 1027 776 1088 loco
799 1045 836 1088 aa
861 1025 977 1088 referre
997 1043 1067 1106 quae
1090 1025 1271 1086 Hadrianus
1284 1025 1328 1098 ll,

261 1135 460 1199 decessorum
488 1153 617 1196 suorum
643 1134 814 1196 sententias
839 1134 990 1196 adversus
1017 1132 1219 1195 Anastasium
1244 1131 1328 1196 latas

259 1261 425 1318 renovans,
445 1242 483 1304 de
498 1241 634 1303 violenta
656 1240 711 1301 illa
728 1239 811 1302 sedis
832 1239 1012 1319 apostolica
1026 1237 1239 1318 occupatione
1259 1257 1328 1300 me·

260 1349 393 1410 muravit
419 1367 426 1409 :

294 1482 358 1536 Post
377 1482 504 1536 mortem
521 1496 589 1537 vero
605 1481 668 1553 jam
686 1479 754 1536 dicti
769 1478 883 1547 Leonis,
899 1478 994 1550 dignae
1014 1477 1166 1534 memoria
1181 1477 1326 1551 praesulis,

259 1569 319 1642 ipse
333 1569 591 1625 anathematizatus
605 1573 691 1643 atque
706 1569 852 1641 depositus
866 1567 1041 1635 Anastasius,
1057 1568 1181 1623 seculari
1196 1567 1328 1639 potentia

258 1659 535 1727 rediensababditis,
544 1658 647 1732 quibus
661 1659 733 1737 sicut
744 1659 790 1714 fur
801 1658 974 1728 latitaverat,
981 1656 1061 1724 locis,
1070 1655 1216 1712 diabolica
1225 1655 1328 1712 fraude

258 1745 448 1819 inretitusque
470 1747 603 1819 caligine,
618 1749 765 1804 latronum
784 1763 866 1802 more
891 1746 977 1816 hanc,
1000 1762 1087 1818 quam
1103 1762 1164 1801 non
1185 1745 1328 1801 debuerat

259 1835 390 1904 introire,
411 1836 560 1892 ecclesiam
574 1819 687 1906 invasit,
704 1837 781 1892 velut
796 1834 925 1892 ethnicus
946 1837 1032 1908 atque
1047 1834 1247 1904 barbarus,ad
1260 1850 1327 1906 per-

259 1923 401 1980 ditionem
416 1939 474 1980 suae
498 1925 603 1980 animae
622 1929 708 1998 atque
724 1925 885 1999 periculum
910 1923 995 1996 hujus
1022 1924 1197 1979 veneranda
1225 1921 1330 1996 synodi

259 2013 408 2085 (Romana
433 2015 575 2085 generalis
589 2031 615 2070 a.
632 2017 683 2070 853
697 2015 825 2087 habitae),
838 2030 905 2069 cum
923 2012 981 2068 suis
997 2011 1184 2085 nequissimis
1207 2028 1327 2067 consen·

258 2102 351 2158 tanais
368 2105 453 2176 atque
465 2103 634 2176 sequacibus
655 2103 798 2176 picturam
818 2101 955 2158 destruxit
977 2101 1195 2174 imaginemque
1211 2101 1327 2174 dejecit,

259 2208 347 2263 quam
363 2192 547 2249 beatissimus
561 2211 636 2267 papa
650 2193 821 2250 Benedictus
836 2197 921 2264 atque
941 2189 1074 2263 egregius
1100 2190 1274 2248 restauravit
1296 2193 1329 2246 et

258 2280 381 2336 lucifluis
395 2281 538 2338 coloribus
551 2283 724 2341 decoravit¹.

300 2461 388 2532 Quod
410 2465 516 2524 autem
535 2466 655 2543 spectat
672 2463 713 2525 ad
732 2463 899 2524 Arsaniam
922 2463 1110 2526 Hortensem
1131 2459 1227 2541 hujus
1251 2459 1327 2522 facti

260 2569 462 2648 participem,
488 2571 591 2632 Codex
616 2569 700 2632 Libri
730 2570 918 2650 pontificalis
947 2588 1043 2632 manu
1071 2569 1206 2648 scriptus
1231 2585 1327 2647 quern

259 2673 388 2756 chtem
406 2677 545 2756 appellat
562 2676 736 2752 Bianchini,
754 2675 865 2738 eadem
882 2695 951 2756 quae
971 2675 1142 2739 Deusdedit
1157 2673 1327 2736 cardinalis

262 2782 302 2861 tv.
319 2801 423 2862 supra,
441 2802 472 2863 p.
488 2785 550 2862 ot),
570 2784 603 2845 in
618 2784 757 2864 margine
772 2783 1012 2864 comprehendit
1028 2803 1036 2847 ε

295 2933 368 2987 Nam
394 2947 460 2986 cum
488 2935 561 2986 esset
586 2932 691 2987 alectus
710 2931 835 2988 factione
860 2931 1060 3004 opiscoporum
1083 2929 1228 2989 liodoaldi
1255 2931 1327 2985 Por-

260 3019 369 3074 tuensis
384 3024 413 3075 et
423 3023 537 3076 Arsene·
553 3022 708 3090 Hortensia,
724 3025 821 3076 actum
837 3023 881 3075 est
904 3024 935 3076 ut
950 3039 968 3077 a
994 3020 1096 3094 legatis
1115 3020 1326 3092 imporatorum

261 3108 394 3163 Ludovici
423 3111 452 3164 et
472 3108 608 3180 Lolharii,
636 3109 797 3165 cardinales
823 3113 996 3181 cogerentur
1018 3109 1115 3166 mullis
1143 3108 1269 3181 injuriis,
1296 3108 1327 3162 et

262 3197 543 3266 comminationibus,
560 3200 589 3252 ct
602 3198 765 3270 gladiorum
789 3197 838 3253 se²
860 3197 1108 3270 evaginationibus
1127 3194 1326 3262 Anastasium,

263 3301 350 3357 quem
370 3289 487 3358 quartus
510 3288 565 3343 Leo
589 3287 770 3359 deposuerat,
787 3286 841 3342 sibi
865 3303 1036 3358 promovero
1059 3286 1247 3360 pontificem3
1274 3281 1327 3340 sed

262 3376 321 3430 lieo
348 3377 512 3447 praestanto,
541 3375 681 3449 patientia
702 3379 731 3430 et
745 3375 935 3432 unanimitate
956 3393 1008 3432 sua
1031 3376 1147 3433 eosdem
1174 3389 1328 3448 superare-

261 3467 337 3520 runt.
358 3463 470 3536 (iligna,
487 3466 508 3522 t.
526 3465 658 3536 CXXVlll,
675 3481 703 3538 p.
722 3467 814 3537 1355).

295 3655 317 3702 l.
335 3651 366 3702 V.
384 3650 507 3700 Hincmari
521 3650 642 3715 Annales,
656 3665 678 3701 a.
693 3653 748 3713 868,
764 3666 789 3716 p.
801 3653 858 3703 tta.

263 3731 380 3877 (vzugig
401 3731 629 3877 lgcpsssupplendua
648 3737 685 3783 eat
701 3731 808 3784 addendo
821 3746 917 3798 «super
929 3750 954 3796 u,
968 3738 996 3783 ut
1008 3731 1071 3799 apud
1092 3728 1224 3784 Deusdedit
1237 3728 1327 3794 legitor
