2960 5052
544 465 764 518 suomlssuu
1167 469 1181 516 5

117 627 238 678 mores
263 609 436 678 habuerit.
466 611 574 678 Multa
596 614 677 680 sunt
700 609 792 678 enim
815 609 851 676 in
879 609 947 676 bac
969 613 1069 696 parte
1100 628 1180 696 qnae

117 734 233 802 adhuc
251 733 470 820 ignorantur,
497 754 661 821 quaeque,
686 735 717 802 si
735 733 804 802 illis
822 735 938 802 facem
957 733 1180 821 praetendere

116 857 221 926 nobis
255 858 452 944 contigerit,
481 859 666 927 historiam
702 878 823 927 rernm
845 861 1097 942 Romanarum,
1138 877 1179 928 ac

116 953 268 1051 maxime
281 983 417 1052 Nicolai
434 1001 538 1071 papae
554 986 580 1069 l,
596 983 832 1052 illustrabunt.

161 1236 205 1300 ΙΙ.
224 1231 293 1300 Sed
308 1237 495 1319 antequam
510 1231 668 1300 instituta
682 1232 934 1319 ingrediamur,
951 1249 1104 1300 necesse
1125 1235 1181 1300 est

116 1357 272 1444 aliquam
298 1357 549 1425 dubitationem
568 1356 735 1438 eximere,
761 1377 840 1444 quae
865 1357 934 1426 nisi
956 1356 1054 1446 prius
1079 1374 1179 1425 amo-

114 1485 253 1565 veatur,
269 1479 383 1548 aditus
399 1479 441 1548 ad
459 1499 536 1548 rem
549 1485 708 1549 nostram
727 1480 943 1550 difficiliores
958 1485 1072 1550 erunt.

161 1607 212 1672 De
238 1604 426 1672 Anastasio
441 1603 581 1691 quidem
605 1604 876 1674 Bibliothecario
898 1607 977 1674 haec
1001 1604 1069 1672 duo
1089 1604 1180 1672 inter

115 1727 276 1796 eruditos
289 1747 359 1796 non
369 1728 502 1796 faciunt
516 1729 806 1814 controversiam,
818 1729 916 1797 illum
932 1728 1078 1812 scilicet,
1096 1728 1179 1796 dum

114 1859 287 1938 regnaret
313 1852 481 1922 Nicolaus
499 1851 551 1934 1¹,
576 1854 739 1923 abbatem
765 1854 972 1922 monasterii
999 1856 1032 1922 S.
1055 1852 1177 1921 Mariae

114 1983 217 2044 trans
228 1977 378 2045 TibcrIm
389 1975 668 2064 fnisse²;deinde
679 1978 957 2063 vero,Hadriani
966 1981 997 2045 II
1008 1979 1184 2046 etJohan-¹

116 2100 173 2168 nis
192 2104 271 2169 VIII
289 2102 505 2189 temporibus
515 2098 540 2188 ³,
561 2100 787 2190 simulatque
808 2102 982 2172 abbatiam
1003 2120 1104 2170 suam
1124 2119 1179 2168 re-

114 2224 261 2310 tinebat,
276 2225 523 2294 bibliothecam
538 2225 638 2294 Sedis
655 2227 860 2315 apostolicae
876 2225 1142 2294 administrasse
1153 2223 1176 2291 ⁴.

115 2349 156 2418 Id
171 2349 264 2417 enim
280 2349 382 2418 facile
399 2350 538 2437 cogitur
554 2369 599 2419 ex
617 2350 731 2439 ipsius
745 2351 925 2419 Anastasii
941 2349 1092 2437 scriptis.

160 2477 292 2542 Verum
307 2493 437 2561 magna
457 2475 492 2542 in
511 2475 735 2544 contentione
755 2476 909 2564 positum
931 2481 986 2544 est
1005 2494 1051 2543 an
1072 2474 1103 2542 is
1125 2472 1179 2541 bi-

114 2597 366 2666 bliothecarius
389 2604 424 2667 et
444 2599 554 2668 abbas
575 2599 669 2668 idem
689 2605 787 2668 esset
804 2600 1015 2667 Anastasius
1039 2599 1082 2667 de
1107 2618 1177 2685 quo

114 2723 225 2789 multa
242 2721 279 2788 in
294 2722 401 2790 variis
421 2723 656 2792 monumentis
678 2724 790 2792 relata
810 2723 1047 2792 inveniuntur.
1074 2725 1176 2790 Hunc

115 2844 211 2912 enim
245 2848 316 2914 Leo
344 2844 409 2915 1v⁵
438 2847 653 2916 cardinalem
681 2850 939 2936 presbyterum,
969 2851 1106 2932 Romae,
1141 2846 1177 2913 in

147 3043 171 3090 1.
188 3039 215 3089 ld
228 3046 265 3090 est
277 3040 307 3090 ab
320 3056 380 3090 anno
391 3044 436 3092 858
451 3041 480 3091 ad
489 3057 580 3091 annum
590 3045 646 3095 867.
665 3043 697 3092 V.
709 3041 778 3106 lade,
794 3043 907 3106 nepesin,
923 3057 977 3091 nou.
988 3042 1038 3104 ed„
1050 3056 1075 3107 p.
1087 3043 1142 3092 311.

145 3123 171 3171 2.
185 3122 242 3171 llaec
259 3121 309 3186 ipse
317 3123 455 3172 Anastasius
468 3125 492 3172 io
508 3123 616 3188 Proloqo
625 3123 662 3172 ad
676 3124 759 3172 Vitam
771 3124 799 3173 S.
811 3123 906 3172 Basilii
921 3122 1108 3187 proloquitn1·:u
1119 3123 1178 3172 Urso

112 3201 246 3250 venerabili
257 3200 402 3251 subdiacono
415 3209 503 3252 sancte
516 3205 630 3268 Romane
649 3201 771 3266 Ecclesia,
787 3218 828 3252 sen
841 3203 934 3252 medico
950 3208 974 3252 et
990 3201 1121 3251 domestico
1135 3202 1177 3251 do-

27 3276 30 3280 ’
112 3279 174 3329 mini
189 3281 265 3330 nostri
286 3281 437 3330 sacratissimi
459 3283 531 3345 Papae
545 3281 644 3344 Nicolai,
662 3282 803 3331 Anastasius
825 3282 925 3342 exignus
953 3280 1025 3329 abbas
1042 3281 1178 3330 monasterii

113 3366 204 3410 sanotae
215 3360 260 3410 Dei
279 3361 403 3421 genitricis
417 3361 498 3412 uarie
515 3359 634 3425 Virginis,
657 3361 695 3410 siti
710 3371 775 3410 trans
790 3362 905 3425 Tiberim,
922 3361 961 3410 nbi
973 3359 1030 3409 olim
1044 3359 1109 3410 circa
1127 3362 1177 3410 Do-

113 3439 176 3488 mini
194 3440 343 3490 nativitatem
359 3441 412 3490 lons
432 3441 479 3490 olei
496 3441 573 3503 llnxit,
595 3441 620 3490 in
636 3441 738 3491 Domino
756 3441 868 3492 salutern.
882 3457 896 3488 n
911 3439 1039 3503 ltlabillon,
1061 3441 1178 3490 Muscam

112 3519 245 3580 Italicum,
260 3525 279 3569 t.
297 3521 316 3583 l,
328 3526 390 3585 part.
407 3533 437 3583 11,
453 3536 478 3584 p.
494 3522 534 3570 82.

144 3602 170 3650 3.
185 3599 322 3649 Hadrianus
336 3601 357 3649 ll
372 3601 481 3659 manavit
498 3601 529 3650 ab
540 3615 579 3650 an.
593 3601 639 3652 851
650 3599 680 3649 ad
694 3615 733 3650 an.
746 3601 790 3650 818
796 3614 804 3663 ;
828 3599 947 3650 lohannes
960 3605 1043 3650 autem
1057 3599 1123 3659 vus,
1147 3595 1177 3645 sb

111 3694 152 3729 an.
168 3680 215 3729 812
226 3679 256 3728 ad
272 3693 311 3728 an.
325 3681 379 3729 882.
394 3681 426 3730 V.
440 3679 509 3744 leffe,
522 3695 546 3746 p.
562 3682 618 3742 368,
636 3681 690 3729 376.

143 3761 168 3809 4.
185 3759 216 3808 V.
231 3761 409 3824 Praesottonem
431 3761 459 3809 in
476 3761 607 3824 synodum
626 3762 749 3817 octavam,
765 3758 788 3807 io
809 3774 857 3824 qua
868 3759 1010 3809 Anastasius
1030 3756 1177 3807 Hadrianum

110 3854 202 3905 papam
215 3840 236 3890 ll
250 3841 284 3890 sic
298 3840 435 3905 adloquitur
448 3861 454 3890 s
468 3858 480 3886 s
494 3841 597 3891 Domino
607 3845 688 3890 sancto
699 3846 723 3890 et
733 3839 944 3902 evangelieoPatri
957 3841 1055 3889 Petrum
1072 3836 1176 3886 Adriano

111 3934 210 3970 summo
225 3921 336 3970 Pontifici
349 3927 374 3970 et
387 3920 515 3971 universali
538 3923 618 3984 Papa,
635 3935 680 3981 ego
698 3920 801 3970 famulus
816 3927 895 3969 uester
913 3919 1053 3970 Anastasius
1067 3923 1177 3981 peccator

110 4000 190 4049 abbas
207 4005 231 4048 et
242 4015 342 4049 summe
354 4010 439 4049 uestrae
452 3999 589 4065 apostolieae
602 4001 671 4051 Sedis
682 4000 888 4050 bibliothecarius.
901 3999 1023 4062 maligne,
1036 4003 1055 4047 t.
1066 3998 1174 4059 cxxlx,

110 4095 138 4144 p.
160 4079 211 4142 11).)
224 4080 303 4144 Atque
317 4079 382 4129 idem
395 4080 425 4129 ad
441 4080 574 4130 Iohannem
588 4081 642 4130 Vlll
658 4081 692 4129 ita
705 4080 817 4144 scripsit:
831 4097 843 4125 a
859 4080 937 4129 Sacrae
958 4077 1111 4126 bibliothecae
1124 4093 1175 4127 ves-

109 4167 166 4222 tre,
179 4160 248 4222 quus
261 4160 371 4210 minister
384 4165 463 4209 vestra
477 4160 615 4221 dignatione
629 4161 742 4210 consisto.
758 4179 771 4208 n
789 4158 909 4209 Anastasii
924 4158 1046 4221 Praefatio
1063 4159 1089 4206 in
1102 4159 1179 4222 septi-

111 4254 185 4290 mam
200 4238 332 4301 Synodum
350 4239 452 4302 (Migne,
467 4237 539 4301 ibid,
550 4253 574 4304 p.
586 4240 650 4303 195).

144 4322 170 4369 5.
184 4319 250 4382 Papa
259 4317 289 4368 ab
302 4333 343 4368 an.
357 4320 401 4369 811
412 4317 489 4368 adan.
502 4321 556 4368 855.
567 4319 606 4370 (li.
622 4319 691 4382 tale,
703 4333 727 4383 p.
742 4321 796 4368 329.
