2944 5060
368 495 524 548 bustum
545 493 749 546 ANASTASll
771 492 992 544 rabinorum
1169 493 1215 543 28¹1

195 637 284 725 Ergo
299 638 345 708 sic
358 637 498 708 infauste
510 638 647 725 contigit
665 637 728 728 (est
742 638 831 708 enim
846 637 944 707 ctiam
958 656 1070 708 rerum
1083 635 1213 723 ironia),

149 763 190 824 ut
202 755 396 824 Anastasius
410 765 484 824 tum
497 754 596 825 ritum
610 774 751 842 opesque
771 754 981 842 relinqueret,
995 774 1071 823 cum
1090 752 1216 821 invisus

149 869 207 940 ille
225 872 419 957 patriarcha,
441 869 535 958 nujus
559 870 724 939 somonam
743 879 913 957 everterat,
931 889 1045 939 rursus
1064 868 1105 936 ad
1123 887 1217 936 sum·

150 1007 246 1058 mum
267 985 436 1074 fastigium
450 985 628 1056 tolleretur.
652 986 773 1073 Atque,
795 994 833 1053 ut
854 994 939 1054 esset
958 984 1053 1072 quasi
1071 982 1216 1072 asperior

152 1100 274 1188 irrisio,
292 1101 328 1168 in
343 1101 414 1190 ejus
428 1103 536 1169 locum
553 1099 818 1169 bibliothecarius
834 1100 920 1170 sedis
933 1099 1113 1187 apostolicas
1126 1117 1216 1167 crea·

153 1225 208 1284 tna
227 1226 275 1288 ast
296 1225 387 1290 vetus
405 1216 460 1285 illa
481 1215 590 1284 Photii
612 1218 737 1284 amicus
757 1226 790 1285 et
811 1215 932 1305 fautor,
960 1217 996 1284 in
1021 1235 1121 1305 quem
1147 1213 1216 1302 ipsa

102 1315 109 1329 ’
154 1331 321 1418 quondam
346 1331 557 1418 Anastasius,
584 1329 707 1398 Nicolai
732 1331 865 1399 nomine
886 1329 1049 1418 scribens,
1075 1329 1218 1418 graviter

154 1447 301 1516 invectus
313 1458 394 1535 erat,
407 1447 576 1534 episcopus
596 1445 719 1514 scilicet
732 1447 941 1534 Anagninus‚
959 1443 1163 1515 Zachariam.

199 1562 261 1632 Hic
276 1562 338 1630 fuit
348 1561 420 1650 ejus
431 1562 504 1630 vitta
519 1562 607 1651 linis,
619 1583 719 1650 quam
734 1562 868 1650 quidam
878 1561 1013 1630 fortasse
1026 1569 1217 1649 prereptum

154 1677 388 1748 existimabunt
410 1677 493 1768 (erat
513 1678 602 1746 enim
620 1678 816 1748 Anastasius
838 1698 941 1746 annos
967 1686 1097 1745 tantum
1123 1686 1219 1744 natus

153 1795 283 1864 circiter
310 1794 477 1880 sexaginta
503 1791 596 1882 duo),
632 1795 689 1862 sed
723 1815 824 1882 quam
853 1815 913 1862 nos
938 1792 1120 1879 longiorem
1140 1790 1217 1880 jure

155 1909 316 1980 dicamus.
334 1909 395 1978 llio
414 1908 485 1998 ejus
502 1907 619 1978 fabular
641 1919 731 1979 nctus
755 1910 891 1980 ultimus
910 1929 970 1979 nec
990 1907 1126 1996 indigna
1140 1927 1220 1975 con·

156 2024 272 2094 clusio.

202 2140 247 2212 V.
272 2139 386 2230 Itaque
410 2142 676 2212 bibliothecarius
703 2142 774 2229 ille,
808 2143 949 2210 multum
977 2139 1111 2228 quidem
1135 2140 1218 2208 cele-

156 2258 289 2341 bratus,
321 2257 377 2328 sed
400 2278 517 2346 parum
543 2259 711 2345 cognitus,
740 2258 845 2346 qualis
870 2277 980 2327 revera
1005 2255 1104 2325 luerit
1131 2275 1220 2328 nuno

157 2393 347 2461 possumus,
365 2382 421 2442 aut
439 2394 499 2460 ago
525 2373 628 2460 iallor,
656 2373 851 2461 exploratius
865 2372 1024 2460 judicare.
1047 2371 1109 2440 Cui
1135 2380 1220 2439 certa

156 2489 316 2558 nonnulla
339 2487 424 2558 bona
447 2488 593 2577 luerunt,
620 2490 806 2577 ingenium,
838 2488 1011 2577 industria,
1038 2487 1221 2557 litterarum

155 2624 263 2691 amor,
282 2613 392 2693 atque,
416 2612 452 2673 ut
470 2605 672 2694 temporibus
692 2604 769 2693 illis,
792 2605 939 2692 scientia,
956 2624 1056 2692 quam
1077 2603 1106 2672 si
1120 2603 1221 2691 proha

155 2729 360 2808 usurpasset,
375 2720 459 2790 bene
474 2722 612 2790 meritus
624 2729 707 2790 esset
728 2721 769 2789 de
784 2721 868 2790 sedis
887 2720 1066 2808 apostolicae
1083 2719 1216 2788 nomine

156 2920 242 2973 decem
256 2921 350 2971 milium
363 2927 457 2972 tantum
470 2937 647 2987 mancusorum,
667 2922 708 2972 sed
723 2922 748 2970 in
761 2920 885 2972 duodecim
903 2920 995 2971 milium
1015 2918 1136 2984 plaitasse,
1157 2917 1221 2984 quod

156 3003 230 3053 iidem
254 3002 353 3052 abbates
373 3016 453 3053 coram
476 3009 556 3054 nostra
580 3002 706 3068 presentia
728 3017 773 3052 non
802 3017 827 3052 se
848 3002 933 3051 iecisse
952 2999 1056 3065 jurando
1076 2998 1223 3050 relellunta

157 3083 352 3147 (lobannisVlll
361 3083 447 3148 Epist.
457 3085 492 3135 ad
507 3083 662 3148 bardolfum
676 3083 751 3148 episc
765 3083 925 3148 Capuanum,
942 3082 1033 3144 Migne,
1044 3080 1113 3145 ibid,
1128 3095 1167 3144 ep.
1183 3080 1222 3144 99,

158 3180 187 3230 p.
201 3165 320 3227 lla-75⁰3
337 3163 407 3226 talia,
420 3178 445 3217 n.
462 3166 545 3226 3126);
562 3164 603 3214 sed
618 3164 729 3215 eumdem
742 3178 794 3213 esse
807 3169 879 3227 atque
892 3163 1045 3213 Anastasium
1063 3161 1222 3212 bibliotheca-

158 3244 232 3307 rium,
243 3242 309 3308 qnod
322 3244 434 3308 opinatur
449 3245 628 3307 Hergenrother
641 3244 768 3294 cardinalis
782 3244 907 3308 (Plotius,
918 3249 937 3294 t.
952 3245 984 3308 ll,
1000 3258 1023 3307 p.
1035 3242 1101 3306 tlt),
1115 3241 1175 3290 nihil
1187 3245 1224 3291 est

159 3324 224 3389 quod
232 3325 372 3375 confirmare
380 3324 508 3389 valeamus,
516 3340 544 3375 eo
551 3326 629 3388 magis
639 3324 705 3390 quod
712 3340 796 3390 parum
805 3323 836 3374 sit
842 3325 893 3374 reri
902 3324 981 3374 simile
990 3330 1016 3373 nt
1024 3323 1144 3374 lohannes
1152 3336 1223 3387 papa,

158 3405 192 3454 de
203 3404 384 3454 bibliothecario
398 3405 461 3456 sedis
472 3406 606 3469 apostolica
618 3421 751 3456 sermonem
765 3420 839 3468 agens
848 3420 876 3455 ac
886 3405 989 3454 maxime
1003 3403 1032 3454 ad
1041 3419 1098 3454 enm
1107 3402 1224 3466 scribens,

158 3484 273 3534 abbatem
286 3490 382 3534 tantum
402 3501 458 3535 enm
474 3486 639 3550 appellaverit.
660 3488 696 3536 lie
709 3486 814 3550 quidem
835 3501 891 3535 vera
909 3485 1029 3537 Anastasii
1049 3482 1125 3533 nostri
1140 3480 1226 3531 ultima

157 3565 250 3614 mentio
267 3565 384 3628 reperitur
397 3565 422 3614 in
436 3564 476 3615 illo
491 3565 621 3630 diplomate
637 3567 711 3631 quod,
724 3566 750 3615 d.
768 3568 798 3616 29
812 3581 846 3615 ιιι.
858 3566 907 3617 Mai
925 3580 948 3616 a.
964 3566 1019 3629 sm,
1032 3564 1153 3615 iohannes
1166 3561 1224 3614 Vlll

156 3645 282 3694 monacbis
305 3645 497 3695 Flavinisnsibus
518 3647 649 3707 concessit,
672 3646 784 3712 quodque
806 3646 965 3711 comperimus
987 3644 1070 3694 clatum
1087 3659 1139 3694 esse
1156 3654 1227 3706 aper

156 3740 259 3775 manum
280 3726 401 3776 Anastasii
426 3726 598 3778 bibliothecarii
611 3745 633 3776 ι.
647 3728 679 3779 V.
697 3726 822 3777 Analecta
844 3727 916 3792 juris
942 3725 1082 3791 pontificii,
1105 3739 1130 3774 a.
1155 3724 1227 3786 1881,

157 3819 186 3871 p.
202 3807 320 3867 tet-1355
335 3804 406 3870 tana,
419 3822 443 3856 n.
458 3809 528 3858 3104.

193 3888 216 3935 i.
234 3885 318 3934 Menae
333 3887 442 3948 Augusto
464 3903 486 3937 a.
510 3890 566 3950 879,
585 3887 701 3952 seriptum
725 3885 783 3936 illud
805 3901 853 3951 quo
873 3887 993 3937 iohannes
1009 3885 1067 3936 Vlll
1080 3888 1185 3934 cesserat
1201 3887 1229 3931 ut

158 3964 262 4016 Photius
280 3965 305 4014 in
325 3965 407 4016 sedam
428 3967 611 4032 patriarchalem
633 3966 806 4030 restitueretur,
826 3966 924 4017 ecclesia
942 3968 1049 4017 Romana
1067 3965 1092 4014 in
1110 3963 1227 4029 synodum

159 4051 309 4106 congregata
328 4046 486 4109 consignarit.
501 4047 628 4098 Zacharias
638 4053 719 4098 autem
735 4060 822 4096 nomen
836 4047 927 4111 primus
942 4046 1068 4112 adscripsit
1079 4045 1124 4094 hoc
1138 4043 1208 4092 modo
1220 4057 1227 4094 ι

162 4144 177 4172 a
192 4125 319 4174 Zacharias
330 4126 455 4191 episcopus
469 4126 576 4177 ecclesiae
588 4127 719 4190 Anagninae
732 4131 757 4176 et
769 4124 963 4177 bibliothecarius
977 4125 1113 4191 apostolica
1125 4122 1189 4174 sadis
1203 4122 1228 4171 ln

163 4207 210 4256 hoc
229 4206 409 4257 commonitorio
426 4221 467 4270 pro
485 4208 620 4272 receptione
634 4206 714 4259 Photii
731 4206 877 4256 sanctissimi
891 4207 1033 4272 patriarchas
1046 4204 1141 4272 propria
1156 4217 1229 4253 manu

88 4329 95 4342 ,
163 4286 321 4350 subscripsi.»
338 4286 440 4351 (iligna,
451 4294 469 4338 t.
483 4288 593 4353 CXXVI,
603 4303 628 4353 p.
644 4289 703 4350 8693
715 4285 785 4345 tant,
796 4301 821 4335 n.
837 4289 919 4350 3276.)
934 4290 970 4340 De
984 4302 1031 4353 quo
1048 4285 1228 4338 commonitorio

164 4363 291 4430 plnradiri
302 4365 457 4417 inFormoso
471 4382 534 4432 meo,
551 4372 612 4432 part.
628 4367 660 4426 ll,
675 4381 697 4414 c.
713 4377 754 4414 ιιι.
