3006 5050
269 425 298 472 32
361 423 1234 512 0130100110010110163060000101101006

267 576 320 636 tus
341 569 434 654 alter,
454 566 519 634 dux
541 566 612 655 ejus
635 566 826 654 proditionis
839 565 941 634 fuisse
961 565 1121 635 videatur.
1144 565 1335 634 Adsentius

267 682 356 750 enirn
368 682 536 771 episcopus
550 681 737 768 Mettarum,
753 681 810 769 qui
826 680 936 748 aderat
949 681 983 747 in
997 682 1057 748 hac
1071 681 1207 768 synodo,
1224 689 1331 750 totam

267 794 341 864 iacti
355 796 512 864 invidiam
526 797 560 864 in
575 798 763 884 episcopum
779 797 994 864 Portuensem
1008 795 1120 883 rejecit
1133 795 1155 863 ¹.

311 911 438 979 Verum
463 933 539 981 vero
564 911 791 981 Rhadoaldum
806 911 1038 992 Portuensem,
1064 933 1140 979 cum
1163 912 1199 979 in
1222 911 1332 981 Fran·

266 1025 525 1113 ciamproiectus
544 1037 604 1106 est,
627 1048 700 1095 eam
714 1026 835 1094 famam
854 1028 1033 1095 sanctitatis
1051 1027 1139 1114 apud
1157 1027 1330 1095 Nicolaum

266 1144 438 1213 retinuisse
464 1165 502 1214 eo
529 1146 634 1232 magis
665 1145 788 1213 mirum
816 1146 990 1232 estquod,
1020 1146 1074 1213 illo
1103 1146 1251 1234 episcopo
1276 1146 1329 1214 vix

265 1259 369 1327 Roma
383 1281 524 1347 egresso,
539 1259 722 1346 Zacharias,
744 1261 877 1328 antistes
898 1260 1082 1347 Anagninae
1103 1262 1255 1348 cisitatis,
1269 1263 1329 1349 qui

265 1372 412 1462 ejusdem
436 1374 607 1460 legationis
631 1373 819 1462 Byzantina
838 1375 998 1461 particeps
1019 1374 1125 1443 fuerat
1146 1396 1224 1443 cum
1237 1376 1331 1444 Rha-

264 1488 391 1577 dcaldo,
416 1487 573 1576 cujusque
596 1491 713 1575 scelus,
736 1500 772 1557 ut
793 1490 862 1576 ipse
882 1489 1033 1558 Nicolaus
1053 1489 1205 1578 deinceps
1219 1467 1328 1559 decla-

202 1687 205 1694 ,
265 1603 360 1693 ravit,
373 1624 438 1672 non
453 1604 573 1693 majus,
588 1604 643 1672 sed
655 1625 713 1692 par
727 1605 861 1671 omnino
874 1603 977 1686 erat²‚
989 1606 1098 1672 subito
1116 1606 1150 1672 in
1162 1605 1328 1694 judicium

259 1741 283 1788 a
298 1741 428 1788 summo
450 1721 600 1807 pontifice
626 1729 756 1788 vocatus
776 1717 856 1807 esst,
881 1729 990 1808 atque,
1014 1721 1141 1807 scriptis
1162 1721 1239 1808 illis,
1255 1742 1328 1809 quaa

262 1835 331 1924 jam
344 1835 471 1924 pridem
488 1845 580 1905 erant
593 1835 628 1902 in
642 1834 794 1902 manibus
806 1835 1043 1923 Romanorum,
1055 1836 1155 1904 latine
1169 1837 1326 1925 recitatis,

296 2053 318 2102 1.
336 2051 448 2103 Scribens
464 2051 528 2101 anim
550 2050 589 2100 ille
604 2049 701 2100 Nicolac
714 2063 782 2113 pape
796 2050 816 2110 l,
833 2055 958 2113 postquam
973 2049 1102 2099 Arseniurn
1114 2051 1268 2113 hortensem,
1286 2051 1328 2115 qui

263 2135 315 2181 tum
328 2133 351 2180 in
363 2131 447 2181 Galliis
455 2130 577 2192 legatione
587 2129 716 2194 apostolica
725 2129 881 2191 fungebatur,
891 2128 972 2177 multis
981 2128 1104 2178 extulisset
1113 2127 1233 2189 laudibus,
1244 2131 1328 2180 incidit

263 2212 288 2260 in
303 2211 448 2261 mentionem
462 2209 555 2259 concilii
573 2210 700 2260 Mettensis
715 2209 758 2258 hoc
772 2209 861 2258 modo:
879 2211 924 2259 00
941 2208 1034 2258 utinam
1052 2209 1186 2259 hadoaldus
1204 2211 1327 2274 quondam

262 2289 357 2351 legatus
374 2295 462 2352 vester,
481 2290 543 2338 sicut
562 2289 607 2338 ista
628 2288 772 2352 (Arsanias),
793 2287 947 2350 decertasset,
962 2295 987 2338 et
1005 2288 1075 2337 nobis
1094 2303 1137 2353 per
1149 2290 1232 2338 omnia
1248 2297 1327 2340 restra

263 2369 374 2418 mandata
393 2367 548 2418 denudasset.
567 2385 579 2414 ι
598 2368 710 2418 adventii
727 2369 810 2432 Epist.
831 2368 868 2418 ad
885 2368 1023 2431 Nicolaum
1045 2367 1183 2432 (Beronius,
1203 2361 1339 2435 Annaea,

262 2462 285 2498 a.
298 2450 352 2510 865,
366 2443 390 2497 0.
405 2446 480 2510 nvn).

293 2530 317 2577 2.
335 2529 402 2578 Anno
420 2526 485 2576 enim
504 2533 560 2590 post
577 2526 628 2576 hec
647 2527 729 2590 tertio,
746 2527 857 2577 Nicolaus
871 2542 942 2592 papa,
957 2526 1059 2578 reddens
1076 2529 1193 2578 rationem
1206 2543 1249 2578 cur
1260 2530 1327 2580 Rha-

263 2606 347 2657 doaldo
358 2607 456 2658 tandem
474 2606 584 2656 eamdem
600 2622 694 2671 ponam
711 2608 883 2671 constituisset,
898 2622 945 2672 qua
963 2608 1029 2672 prius
1044 2608 1156 2659 affecerat
1175 2609 1326 2671 Zachariam,

263 2688 307 2738 hoc
320 2688 390 2738 modo
400 2692 511 2738 causatos
531 2692 567 2736 est
582 2703 589 2736 ι
606 2687 734 2748 sDignum
746 2687 835 2751 quippe
850 2688 907 2750 luit,
927 2693 954 2736 01
972 2703 1015 2751 par
1029 2688 1143 2752 iniquitas
1158 2704 1202 2753 par
1215 2689 1330 2751 gigneret

263 2769 359 2834 utrique
373 2769 500 2832 judiciam,
512 2774 537 2818 et
550 2767 674 2832 equalitas
689 2773 753 2816 esset
764 2768 787 2816 in
800 2767 966 2830 retributione,
975 2767 1064 2832 quibus
1076 2768 1183 2829 parilitas
1196 2771 1289 2819 exstitit
1302 2771 1327 2819 in

263 2851 453 2912 transgressione
461 2866 476 2898 »
487 2848 579 2899 Nicolai
588 2847 705 2912 Epistola
715 2847 751 2896 ad
760 2846 857 2896 cleram
871 2849 1004 2898 Constant.
1017 2848 1113 2908 (colati,
1124 2854 1143 2896 t.
1155 2849 1197 2910 tx,
1207 2864 1231 2913 p.
1244 2850 1327 2914 1315).

294 2933 318 2980 3.
336 2931 388 2990 Quo
401 2937 509 2994 tempore
526 2929 597 2978 luerit
610 2928 640 2977 de
653 2927 767 2978 Zacharia
785 2927 929 2990 judicatum,
953 2941 1052 2976 necessa
1070 2934 1106 2977 est
1123 2928 1167 2977 hoc
1183 2927 1235 2978 loeo
1247 2929 1327 2980 dicere

262 3009 399 3071 diligenter.
409 3010 556 3073 deprimam
566 3008 590 3057 id
600 3008 700 3057 hiberno
709 3006 765 3056 anni
776 3013 882 3070 tempore
894 3013 975 3056 actum
985 3022 1038 3056 esse
1049 3013 1141 3056 constat
1151 3009 1213 3058 inter
1221 3009 1328 3060 eruditos

264 3087 298 3151 (v.
312 3088 382 3151 talla,
403 3090 515 3151 lioperto,
537 3103 562 3153 p.
582 3089 641 3147 3503
665 3086 756 3148 Heiaie,
775 3092 795 3134 t.
810 3088 844 3146 V,
862 3102 887 3150 p.
903 3086 972 3149 161);
998 3088 1103 3136 narrarit
1126 3089 1189 3136 enirn
1213 3089 1328 3138 Nicolaus

262 3167 457 3231 cunegundem,
472 3166 502 3216 ad
518 3181 589 3231 quam
609 3165 737 3216 zacharias
750 3171 846 3214 vocatus
862 3171 921 3228 erat,
936 3166 1042 3229 primum
1060 3167 1133 3216 luisse
1152 3175 1326 3230 congregatam

263 3247 291 3297 ad
317 3247 401 3296 Sancti
422 3247 496 3309 Petri,
518 3246 603 3296 deinde
621 3261 686 3305 sero,
711 3251 835 3309 opropter
858 3245 1006 3306 frigidiorem
1026 3246 1136 3309 locum»,
1155 3247 1178 3295 10
1199 3247 1326 3298 basilicam

263 3330 290 3380 S.
307 3326 436 3379 Salvatoris
452 3341 504 3376 esse
517 3325 656 3375 translatam
671 3327 704 3390 (s.
723 3325 815 3374 Nicolai
832 3327 915 3388 Epist.
939 3326 975 3375 ad
992 3326 1053 3375 cler.
1076 3325 1209 3377 Constant.
1226 3328 1326 3379 citatam

263 3409 333 3474 paulo
345 3406 455 3470 inferius,
467 3421 492 3470 p.
501 3408 540 3467 83,
550 3405 574 3454 in
588 3412 644 3455 noto
654 3406 688 3469 1).
705 3407 824 3456 Preterea
837 3407 973 3470 accepimus
982 3406 1096 3455 Photium
1106 3407 1207 3470 ejusque
1220 3406 1327 3458 lautores

262 3489 385 3540 eNicolao
397 3487 501 3550 primurn
514 3486 638 3534 damnatos
652 3483 729 3535 luisse
742 3486 768 3534 in
781 3486 870 3550 synodo
880 3485 963 3534 habita
976 3485 1102 3535 undecima
1119 3486 1258 3551 indictione,
1271 3504 1325 3552 qun

262 3585 367 3620 amens.
387 3573 450 3628 sept.
468 3581 491 3615 a.
507 3563 594 3616 66201
611 3579 688 3614 mens.
707 3572 770 3629 sept.
785 3581 808 3615 a.
824 3567 868 3616 863
886 3565 1000 3629 pertinet.
1016 3567 1059 3616 Est
1079 3566 1144 3615 enim
1161 3567 1196 3616 sic
1216 3567 1325 3618 indetis

262 3650 366 3701 concilii
377 3647 522 3698 oecamsnici
533 3645 591 3694 Vlll
598 3660 606 3693 .·
614 3661 628 3692 0
637 3645 673 3694 hb
682 3645 809 3694 undecima
818 3645 881 3694 enim
892 3645 1021 3695 indictione
1031 3645 1152 3696 damnarit
1161 3661 1201 3695 eos
1211 3646 1325 3710 synodice

262 3730 426 3780 sanctissimos
452 3741 512 3791 papa
531 3723 667 3774 Nicolauso
691 3725 801 3788 (iligna,
819 3731 837 3774 t.
858 3724 968 3789 ClllllX,
991 3740 1016 3789 p.
1038 3727 1086 3788 61).
1103 3728 1201 3790 ltaque,
1218 3741 1275 3776 cum
1294 3727 1326 3777 sit

261 3811 381 3860 Zacharia
394 3822 475 3870 eausa,
491 3803 693 3871 quemadmodum
705 3819 733 3852 ex
745 3803 832 3853 litteris
844 3804 934 3854 Nicolai
950 3805 1104 3855 manifestum
1118 3811 1164 3867 cst,
1176 3805 1287 3868 judicata
1301 3806 1324 3856 in

262 3891 345 3940 eadem
368 3888 459 3954 synodo
484 3901 537 3953 quaa
555 3887 660 3949 primum
682 3883 811 3932 Photianos
830 3885 984 3934 damnaverat
1011 3885 1043 3948 (r.
1069 3885 1158 3936 Nicolai
1181 3885 1267 3949 Epist.
1288 3887 1327 3936 ad

261 3969 321 4019 cler.
338 3971 480 4029 Constant,
493 3965 579 4028 Coleti,
593 3970 613 4014 t.
627 3965 670 4026 Ill,
686 3977 711 4027 p.
728 3965 788 4013 1316
808 3978 876 4028 sqq.:
888 3965 972 4029 Epist.
987 3964 1024 4014 ad
1042 3963 1138 4015 Orr'ent.
1151 3975 1232 4030 patr„
1252 3966 1323 4028 ibid,

262 4065 286 4112 p.
301 4052 362 4099 1368
376 4049 451 4113 sqq.)‚
465 4048 573 4112 sequitur
584 4052 611 4094 01
624 4045 643 4094 ia
657 4041 788 4093 Rhadoaldi
801 4044 894 4106 collega
910 4045 934 4094 in
945 4045 986 4107 jus
1002 4051 1098 4094 vocatus
1112 4044 1185 4094 luerit
1198 4060 1262 4094 anno
1276 4048 1323 4096 862

261 4135 361 4178 exeunte
372 4135 415 4178 aut
429 4129 525 4178 ineunte
536 4143 558 4176 a.
571 4127 617 4176 663
622 4140 630 4189 ;
644 4125 723 4174 dicam
741 4123 840 4172 tortasse
851 4125 930 4174 verius
945 4129 1046 4174 exeunte
1059 4139 1082 4174 a.
1095 4126 1149 4186 862,
1164 4124 1243 4189 prima
1255 4125 1322 4174 ride-

260 4205 318 4256 licet
331 4207 423 4263 hiemes
447 4208 482 4256 sic
495 4209 560 4257 enirn
576 4203 718 4268 intelligitur
735 4201 829 4252 facilius
849 4217 896 4267 quo
918 4209 987 4269 pacto
1007 4203 1122 4268 episcopi,
1140 4203 1323 4266 ingravescente

260 4286 358 4350 frigore,
378 4285 403 4334 in
415 4285 488 4334 alium
501 4287 579 4335 locum
592 4285 758 4348 migraverint
781 4283 814 4332 Er
834 4297 880 4347 quo
897 4285 949 4346 jam
972 4283 1073 4349 perspici
1086 4289 1165 4348 potest
1178 4298 1251 4348 quarn
1264 4284 1321 4348 cito,
