2960 5052
561 436 775 489 PROOEMIUM
1171 439 1200 486 lt

135 603 217 672 pus.
235 584 285 652 Ab
299 581 463 669 Arsenio,
491 588 528 652 ut
551 583 587 652 in
610 582 714 653 libro
737 581 931 672 pontificali
951 581 1116 652 traditum
1130 595 1197 666 est,

134 713 261 797 parata
296 708 427 788 omnia,
464 713 502 775 ut
538 708 625 776 illud
651 707 790 804 lacinus
823 727 895 776 non
925 711 997 776 tam
1022 706 1202 776 Anastasii

135 833 263 916 fuisse,
281 851 385 921 quam
397 831 549 918 Arsenii,
565 831 755 902 videatur¹.

183 957 315 1036 Quibus
338 956 475 1044 positis,
507 955 786 1025 animadvertere
814 955 922 1026 velint
950 955 975 1024 ii
1008 955 1201 1044 scriptores

137 1081 440 1169 quillinomarum
455 1079 669 1149 arbitrantur
692 1100 737 1148 ex
759 1079 815 1149 his
841 1081 978 1149 duobus
1003 1079 1202 1148 Anastasiis

136 1225 248 1275 unum
282 1205 481 1274 inconsulte
510 1203 690 1285 effecisse,
718 1224 889 1292 quorsum
916 1205 1037 1274 tendat
1062 1203 1203 1272 illorum

137 1329 360 1418 conjectura.
402 1332 498 1415 Ergo
542 1333 616 1398 tres
657 1328 790 1398 luerint
833 1327 995 1398 homines
1038 1327 1199 1412 Romani,

139 1471 280 1522 summa
295 1451 528 1521 familiaritate
541 1452 634 1519 inter
649 1471 688 1520 se
705 1451 895 1539 conjuncti,
908 1451 1089 1540 exquibus
1100 1451 1203 1520 Hinc-

137 1599 276 1666 marus,
292 1600 371 1650 cum
386 1579 616 1668 epistolarum
631 1574 898 1664 cousuetudine,
915 1585 989 1647 tum
1010 1599 1055 1648 ex
1078 1596 1204 1648 narra-

137 1707 238 1774 tione
256 1705 454 1790 legatorum
474 1723 621 1773 suorum
644 1703 703 1792 qui
717 1703 753 1774 in
767 1704 837 1773 ista
849 1703 1018 1774 societate
1030 1704 1203 1788 vixerant,

138 1831 233 1898 duos
247 1829 409 1897 habuerit
422 1827 644 1914 notissimos3
662 1833 698 1896 et
715 1827 746 1897 is
760 1827 1048 1916 archiepiscopus
1065 1828 1205 1896 tertium

138 1956 234 2023 illius
245 1953 502 2040 conjunctionis
511 1953 720 2022 familiarem
732 1953 963 2040 eumdemque
972 1957 1117 2040 propter
1125 1957 1205 2020 ante

140 2083 224 2147 acta
235 2077 331 2145 haud
342 2078 543 2162 obscurum,
558 2077 698 2167 penitus
711 2077 943 2164 ignoraverit!
960 2082 995 2145 et
1009 2095 1052 2144 ea
1067 2097 1147 2164 quae
1161 2076 1207 2144 ad

140 2202 686 2290 huncAnastasiumspectabant
695 2203 740 2271 ad
750 2203 855 2270 alium
864 2202 1077 2290 sibipenitus
1088 2202 1208 2288 cogni-

140 2334 217 2396 tum
234 2327 325 2395 falso
339 2327 578 2395 transtulerit!
598 2331 673 2406 Quo
685 2347 784 2411 sane,
798 2346 888 2415 pace
899 2327 1012 2395 dicam
1024 2327 1207 2395 doctorum

140 2451 298 2519 virorum
313 2451 371 2538 qui
385 2453 464 2518 haec
474 2452 693 2537 ignorarunt,
711 2450 794 2519 nihil
807 2451 997 2538 quidquam
1012 2451 1207 2538 excogitari

139 2580 262 2664 potest
277 2561 475 2644 absurdius.

189 2700 435 2786 Quamobrem,
462 2699 600 2768 etiamsi
623 2701 715 2769 unde
740 2699 800 2770 uni
825 2700 1010 2788 eidemque
1035 2701 1110 2769 viro
1135 2706 1206 2768 tam

136 2824 243 2893 varia
258 2826 398 2892 fortuna
414 2825 577 2910 obtigerit
590 2825 746 2894 nondum
768 2825 854 2898 satis
878 2830 1059 2895 constaret
1084 2823 1205 2914 (quod,

139 2956 181 3018 ut
199 2967 317 3036 spero,
334 2949 508 3018 constabit
519 2949 671 3039 postea),
689 2955 820 3035 tamen,
838 2952 905 3020 hac
919 2949 955 3017 in
969 2969 1022 3034 re,
1045 2950 1207 3017 standum

139 3080 204 3144 est
226 3073 417 3142 Annalibus
439 3074 708 3160 Hincmarianis,
736 3075 766 3142 si
792 3074 875 3163 quid
900 3076 1014 3144 adhuc
1043 3077 1150 3160 valet,
1171 3074 1207 3142 in

138 3219 185 3268 re
203 3198 382 3281 historica,
400 3204 496 3266 certa
511 3218 553 3267 ac
571 3199 729 3286 prudens
746 3199 949 3268 auctoritas.

188 3325 224 3390 2.
250 3289 512 3408 Verumtamen,
539 3343 584 3392 ne
608 3323 712 3392 unico
749 3329 894 3391 auctore
920 3324 982 3392 niti
1010 3325 1203 3410 videamur,

141 3449 377 3521 ostendamus
394 3449 430 3516 id
442 3449 536 3536 quod
552 3450 839 3538 archiepiscopus
854 3451 1042 3520 Remensis
1057 3457 1207 3520 testatus

139 3580 216 3657 est,
241 3574 283 3641 ab
308 3573 386 3642 aliis
414 3574 519 3642 etiam
542 3572 692 3642 testibus
712 3593 784 3643 non
799 3574 914 3643 minus
931 3594 1103 3664 expresse
1126 3593 1207 3642 esse

140 3697 394 3784 significatum.

191 3823 263 3891 Sed
285 3824 353 3891 hoc
376 3822 527 3912 primum
547 3842 735 3911 ponamus,
756 3824 939 3894 Nicolaum
962 3829 988 3910 l,
1017 3825 1047 3891 si
1070 3823 1208 3912 quando

176 3995 203 4041 l.
223 3989 398 4050 «adalbertus,
416 3991 599 4055 bernardusque
612 3992 714 4054 ingressi
726 3992 847 4058 (Hortam)
857 3993 955 4042 comites
965 3993 1059 4041 cuidam
1072 3991 1127 4042 olim
1142 3991 1210 4042 daur-

140 4078 214 4132 nato,
229 4071 327 4120 arsenio
339 4079 441 4132 cogente
454 4071 574 4135 episcopo,
582 4087 606 4120 se
617 4073 790 4134 conjunxerunt
798 4073 935 4136 presbytero
948 4073 1043 4120 nomine
1054 4073 1209 4123 encausto.»

146 4153 210 4201 Vita
221 4150 352 4200 Benedicti
365 4152 411 4212 Ill,
426 4165 447 4200 c.
458 4151 639 4222 vlll(Vignoli‚
651 4157 669 4201 t.
687 4155 728 4215 ill,
743 4167 769 4216 p.
785 4153 850 4215 lis).
865 4154 893 4200 V.
903 4150 974 4200 etiam
983 4167 1005 4200 c.
1015 4164 1051 4214 vl,
1064 4165 1110 4215 l'll,
1122 4169 1147 4217 p.
1158 4157 1212 4204 lll.

142 4233 220 4284 lllum
245 4237 325 4280 aulem
344 4232 482 4294 maenium,
499 4231 529 4280 de
543 4246 589 4294 quo
601 4232 639 4280 hic
658 4233 752 4294 agitur,
765 4247 817 4281 csse
839 4232 976 4295 episcopum
994 4234 1144 4296 hortensem,
1164 4249 1212 4282 non

144 4313 313 4373 nugantium,
329 4311 406 4360 uldin
421 4313 582 4361 existhnetum
593 4319 637 4374 est,
653 4313 752 4361 ostendo
764 4314 789 4362 in
803 4314 880 4376 capite
897 4325 914 4360 ll
929 4313 999 4375 huJ'us
1013 4314 1077 4364 luri.
