2954 5050
257 470 301 520 l'l2
346 466 548 518 tress'rtsn
569 465 760 516 lNGllNlUbl
781 462 828 514 EX
849 463 1049 515 urtsronrs
1068 463 1225 514 Nlcossr
1255 463 1271 510 1

251 609 323 699 jam
338 609 419 678 iacta
441 609 569 678 decreta
593 627 752 696 paparum
767 607 913 675 violasse.
931 605 1065 674 Frustra
1088 606 1177 674 enim
1201 625 1350 673 causa-

256 737 311 795 tur
333 723 527 792 Anastasius
547 743 694 791 summos
719 723 889 809 pontifices
912 723 991 789 olim
1011 721 1189 789 decrevisse
1214 729 1259 787 ut
1296 741 1350 788 ne

256 839 396 928 majores
411 859 516 907 causae
530 838 717 906 inconsultu
733 838 818 905 sedis
833 837 1014 924 apostolioae
1028 835 1304 904 terminarentur
1317 836 1343 904 ¹.

256 956 342 1023 Nam
356 974 393 1021 ex
407 956 467 1022 hoo
484 963 521 1021 ut
539 953 662 1040 aliquid
685 973 745 1039 pro
763 973 799 1020 re
814 973 872 1020 sua
888 951 965 1040 jure
984 952 1161 1039 colligeret,
1188 971 1346 1019 necesse

257 1079 326 1137 erat
353 1069 451 1136 simul
477 1067 647 1135 ostendere
670 1064 795 1154 judicia
818 1067 1043 1154 episcoporum
1067 1066 1154 1134 inter
1180 1064 1344 1150 majores

256 1205 369 1252 causas
382 1204 440 1271 per
449 1184 580 1251 easdem
594 1183 801 1250 auctoritates
812 1181 990 1268 adscriptas
1001 1180 1132 1250 fuisset
1145 1179 1239 1262 Quod
1258 1201 1343 1247 non

258 1302 364 1369 solum
380 1319 417 1367 ex
435 1298 578 1386 epistolis
599 1319 759 1386 paparum
772 1297 939 1366 canonicis
953 1307 986 1366 et
999 1296 1095 1365 certis
1109 1296 1239 1386 probari
1256 1317 1340 1363 non

257 1423 395 1506 poterat,
416 1413 586 1482 sedetiam
603 1412 722 1481 salsum
736 1433 808 1482 esse
826 1412 1005 1481 constabat.

300 1529 470 1616 Namque,
496 1539 531 1597 ot
558 1530 703 1616 exemplo
727 1539 819 1615 utar,
850 1528 937 1595 inter
963 1527 1069 1596 varias
1097 1525 1337 1594 Romanorum

257 1645 449 1732 pontificum
467 1646 591 1713 litteras
611 1645 754 1712 inlibris
774 1665 940 1711 canonum
956 1641 1155 1730 jampridem
1176 1642 1334 1728 adscrip-

258 1770 320 1849 taS,
340 1775 408 1828 erat
425 1759 608 1828 Innocentii
627 1780 718 1846 papae
736 1758 750 1825 l
770 1759 810 1826 ed
824 1758 1019 1827 Victrioium
1041 1759 1188 1846 epistola,
1204 1759 1240 1825 in
1260 1777 1335 1844 qua

258 1877 286 1944 is
301 1895 451 1944 summus
463 1873 603 1964 pontifex
618 1875 726 1962 quinti
742 1875 841 1942 seculi
855 1875 1061 1963 disciplinam
1082 1876 1235 1961 legesque
1250 1884 1332 1941 tum

258 1989 344 2077 apud
371 1990 536 2058 Romanos
561 1989 706 2073 vigentes
743 1987 858 2054 ordine
892 2007 928 2054 ac
962 1987 1102 2055 breviter
1126 1986 1287 2054 docuerat
1305 1983 1333 2052 ³.

259 2107 327 2176 Hoc
353 2105 443 2175 enim
469 2106 588 2194 scripto
609 2104 821 2174 Innocentius
842 2103 984 2172 vicissim
1004 2102 1205 2170 edisserebat
1229 2101 1334 2190 cujus

258 2232 343 2290 esset
355 2231 388 2290 et
400 2221 441 2288 de
452 2220 564 2288 litibus
575 2221 767 2288 clericorum
782 2229 814 2287 et
828 2219 987 2287 decausis
1001 2216 1182 2305 majoribus
1195 2227 1334 2287 senten·

259 2333 338 2398 tiam
353 2333 578 2419 pronuntiare.
599 2331 648 2399 De
666 2352 701 2400 re
721 2331 842 2419 priore,
856 2330 1024 2398 Romanus
1038 2328 1182 2417 pontifex
1198 2329 1334 2396 decreta

260 2466 419 2514 renovans
437 2446 564 2513 concilii
582 2447 707 2515 Nicaeni
721 2458 754 2514 et
775 2445 990 2528 Sardicensis,
1006 2465 1249 2533 quemcumque
1262 2446 1334 2512 cle·

259 2561 377 2644 ricum,
393 2560 537 2648 cujusvis
553 2573 638 2632 esset
653 2562 790 2648 ordinis,
806 2561 843 2628 in
857 2583 915 2630 sua
929 2563 1094 2658 provincia
1110 2561 1152 2630 ab
1167 2560 1333 2649 episcopis

259 2675 294 2742 in
322 2677 485 2764 synodum
512 2680 718 2766 congregatis
746 2676 964 2765 judicandum
989 2697 1060 2746 esse
1084 2675 1250 2762 censebat,
1267 2695 1332 2744 nec

259 2792 414 2880 cuiquam
436 2793 534 2862 licere
557 2817 576 2864 a
597 2794 721 2882 synodo
749 2814 816 2862 suae
838 2792 1011 2880 provincia
1034 2791 1076 2860 ad
1098 2792 1178 2860 alios
1198 2790 1331 2880 judices

260 2927 445 2998 provocare,
468 2912 684 2980 salvatamen
704 2910 847 2979 ecclesiae
863 2909 1020 2978 Romanae
1035 2906 1126 2996 jure,
1149 2907 1190 2976 ad
1211 2927 1329 2996 quem,

292 3184 314 3230 l.
333 3182 374 3232 Sic
383 3182 422 3233 ille
432 3185 519 3234 Leonis
532 3189 543 3236 Ι
557 3187 725 3238 auctoritatem
739 3187 868 3252 praetendit
882 3203 889 3238 :
906 3205 919 3236 n
932 3187 975 3238 Ait
988 3187 1052 3238 enim
1069 3202 1076 3237 :
1091 3189 1153 3237 Nam
1168 3200 1224 3236 cum
1237 3186 1331 3249 majora

260 3263 358 3323 negotia
371 3269 395 3313 et
411 3263 556 3316 difficiliores
569 3281 696 3319 causarum
710 3269 789 3318 exitus
802 3267 905 3318 liberum
918 3268 963 3318 tibi
976 3275 1040 3318 esset
1052 3267 1098 3316 sub
1110 3271 1197 3316 nostru
1205 3265 1330 3316 sentemiae

258 3343 436 3407 exspectatione
451 3346 608 3410 suspendere,
626 3363 670 3398 osc
685 3349 745 3398 ratio
759 3349 814 3410 tibi,
830 3363 875 3398 nee
892 3348 1021 3398 necessitas
1034 3347 1080 3397 init
1095 3347 1119 3396 in
1138 3347 1160 3397 id
1180 3345 1244 3412 quod
1259 3361 1331 3397 men·

259 3438 339 3472 suram
353 3430 421 3474 tuam
433 3426 559 3476 excederet
572 3426 719 3478 deviandi.»
735 3429 838 3493 (Mignc,
854 3444 878 3493 p.
891 3427 961 3492 903.)

290 3506 314 3554 2.
332 3505 381 3554 Nec
393 3505 470 3567 magis
485 3506 514 3554 ad
533 3522 584 3556 rem
598 3507 703 3558 iaciebat
717 3509 780 3574 qnod
794 3509 839 3559 iste
853 3508 929 3558 Gallis
943 3509 1062 3573 episcopis
1076 3509 1111 3558 sic
1125 3507 1215 3572 objecit
1231 3522 1238 3557 :
1257 3525 1270 3552 α
1281 3505 1330 3559 Sed

259 3583 339 3634 dicitis
353 3585 445 3648 judicia
458 3586 625 3652 episcoporum
640 3603 686 3638 non
696 3604 748 3638 esse
763 3591 854 3654 majora
866 3589 971 3651 negotia,
984 3603 1029 3639 nee
1040 3588 1187 3638 difficiliores
1200 3600 1330 3636 causarum

258 3665 346 3714 exitus.
366 3670 398 3715 nt
417 3681 460 3716 nos
479 3666 565 3716 horum
580 3668 666 3718 merito
684 3668 777 3732 judicia
796 3672 886 3734 majora
905 3668 1002 3730 negotio
1019 3670 1132 3732 dicimus,
1145 3674 1170 3718 et
1183 3667 1330 3718 difficiliores

260 3745 496 3810 eritusJ'udicamus,
520 3747 561 3812 qui
578 3754 670 3812 quanto
693 3749 784 3810 gradus
805 3756 863 3800 sunt
884 3749 1008 3816 precipui,
1026 3756 1052 3800 et
1069 3749 1094 3798 in
1109 3748 1217 3800 Ecclesia
1239 3747 1330 3799 Christi

260 3825 421 3890 sublimiores,
431 3833 507 3889 tanto,
518 3841 574 3876 cum
584 3825 614 3877 de
629 3827 715 3876 horum
727 3834 791 3878 statu
803 3829 841 3878 rel
851 3843 907 3880 casu
917 3830 1008 3891 agitur,
1025 3831 1116 3892 majora
1127 3827 1225 3890 negotia
1232 3832 1257 3876 et
1266 3826 1329 3876 ditt-

260 3904 353 3955 oiliores
360 3921 484 3957 causarum
493 3908 571 3958 esitus
579 3907 664 3969 agiteri
674 3906 713 3957 rel
724 3908 805 3957 haberi
813 3909 952 3959 ereduntur.
961 3927 973 3955 s
981 3908 1066 3974 (lbid.‚
1073 3923 1097 3974 p.
1104 3907 1256 3972 9⁰34.)Non
1265 3906 1329 3956 euim

260 3979 376 4045 agebatur
389 3987 447 4050 quid
464 3994 516 4037 tum
530 3987 641 4038 Nicolaus
657 3988 667 4036 l
686 3986 804 4036 decausis
820 3989 953 4052 majoribus
968 3990 1078 4052 sentiret,
1092 3987 1134 4038 sed
1147 3988 1205 4053 quid
1217 3993 1288 4037 antes
1301 3984 1329 4033 de

261 4061 308 4112 illis
325 4072 389 4115 esset
407 4066 541 4132 decretum,
564 4083 623 4119 num
642 4082 711 4132 porro
725 4082 821 4132 equum
844 4074 909 4119 esset
924 4069 1046 4134 episcopos
1063 4069 1194 4119 Galliarum
1209 4079 1328 4127 mensore,

261 4141 333 4205 quod,
349 4144 373 4192 in
385 4160 457 4196 causa
471 4149 632 4215 Remedium,
648 4149 714 4212 leges
725 4150 777 4213 jem
791 4147 852 4198 latas
869 4164 883 4198 a
897 4149 1011 4202 Romanis
1026 4150 1180 4213 pontificibus
1193 4146 1327 4197 violassent.

291 4225 315 4270 3.
335 4225 364 4272 V.
380 4225 472 4290 Migne,
487 4230 516 4278 P.
540 4233 580 4294 1..,
596 4237 615 4280 t.
632 4231 686 4294 xx,
705 4245 728 4294 p.
740 4231 786 4280 ⁴69
799 4245 868 4294 sqq.;
884 4231 917 4280 cl.
938 4231 1053 4281 codicem
1071 4245 1197 4280 cononum
1214 4225 1328 4289 Dionysii

262 4302 366 4366 serpet,
379 4317 419 4367 ap.
436 4307 528 4369 lligoe,
544 4316 563 4360 t.
579 4313 678 4375 LXVll,
694 4325 718 4376 p.
731 4313 786 4362 241.
