2960 5052
262 455 359 506 ORTU
381 455 505 514 ATQUE
526 453 798 506 {Nsrlrurlorth
819 456 1059 508 DlSPUTATUll
1163 459 1192 509 ³5

131 608 181 667 oet
206 597 387 666 secundum
405 597 559 685 quiddam
583 597 756 684 procedere
786 605 818 666 et
840 599 1020 666 secundum
1034 600 1191 688 quiddam

131 735 198 781 nou
211 714 384 810 procedere
395 712 554 800 Spiritum
567 722 716 781 sanetum
730 733 766 781 ex
783 711 865 780 Filio
879 711 889 752 ¹
906 737 940 781 o.

174 833 208 898 3.
234 829 294 897 Est
314 830 411 897 etiam
431 830 465 895 in
488 828 601 896 eodem
620 829 739 915 scripto
759 829 840 897 alius
859 832 961 915 locus,
977 829 1034 917 qui
1057 831 1191 919 quidem

128 946 227 1013 unico
240 945 303 1012 fuit
320 954 514 1032 argumento
526 965 585 1011 cur
598 944 791 1012 Anastasius
806 945 891 1031 apud
909 947 1103 1015 recentiores
1127 948 1193 1016 his·

128 1061 246 1128 toricos
257 1059 387 1128 Graecus
401 1059 587 1145 haberetur,
597 1059 653 1128 sed
665 1080 702 1128 er
717 1081 781 1146 quo
794 1080 903 1129 revera
913 1062 1000 1129 huuc
1012 1062 1191 1130 certissime

127 1177 311 1262 colligimus
322 1196 388 1243 non
397 1177 502 1242 solum
512 1184 626 1242 natum
637 1195 707 1243 esse
718 1175 803 1243 iuter
813 1176 958 1264 Latium,
970 1196 1081 1244 verum
1092 1178 1189 1244 etiam

125 1292 268 1358 latinum
281 1311 464 1358 sermonem
486 1291 638 1358 habuisse
661 1287 886 1360 vernaculum.
908 1291 1086 1379 Postquam
1101 1293 1190 1360 enim

126 1402 323 1470 Anastasius
361 1401 624 1468 bibliothecarius
650 1421 755 1487 graeca
780 1401 929 1487 quaelam
957 1423 1067 1490 opera,
1096 1412 1190 1471 oratu

125 1517 288 1586 lobannis
306 1517 445 1603 diaconi,
467 1516 502 1582 in
515 1517 651 1584 latinam
672 1517 852 1584 orationem
871 1519 1102 1606 transtulisset,
1116 1537 1188 1586 eam

126 1632 345 1701 temeritatem
360 1652 429 1700 esse
454 1632 515 1699 sibi
536 1631 698 1700 confessus
711 1640 773 1718 est,
789 1633 878 1719 quia,
897 1653 973 1700 oum
989 1655 1030 1701 ne
1049 1633 1190 1720 perfecte

126 1748 262 1836 quidem
277 1749 427 1833 linguam
441 1747 574 1814 latinam
594 1757 812 1834 cognosceret,
831 1769 903 1834 quae
919 1749 980 1835 ipsi
995 1759 1106 1818 tameu
1120 1759 1189 1818 erat

126 1863 246 1951 patria,
262 1865 365 1930 multo
385 1851 496 1930 minus
510 1883 608 1930 ausus
629 1871 713 1930 osset
728 1863 849 1950 aliquid
867 1883 1010 1948 grecum
1027 1865 1188 1951 interpre-

126 1978 204 2060 tari‚
221 1979 284 2045 nisi
299 1977 453 2045 adfuisset
467 1976 609 2046 officium
624 1978 785 2046 amicitiae.
801 1977 877 2046 flaec
891 1979 980 2046 enim
996 1980 1189 2047 Anastasius

125 2095 165 2160 in
183 2093 315 2180 epistola
337 2094 377 2160 ad
401 2095 581 2160 iohannem
598 2093 773 2160 diaconum
799 2092 916 2178 scripta
938 2112 948 2159 t
982 2116 999 2157 u
1017 2091 1189 2162 industriae

126 2218 194 2276 tuae
215 2209 425 2295 promiseram
448 2229 485 2277 ex
506 2205 616 2276 Gracco
642 2227 696 2276 me
720 2207 780 2275 tibi
804 2227 953 2276 sermone
981 2207 1129 2296 quendam
1153 2210 1187 2276 in

126 2323 285 2391 Latinum
311 2337 479 2391 vecturum
506 2323 683 2409 eloquium.
710 2322 844 2390 Dixeras
872 2323 961 2390 euim
988 2331 1032 2410 et,
1060 2343 1188 2391 summa

124 2439 275 2508 Veritate
288 2438 434 2520 docente,
450 2438 663 2525 perhibueras
676 2438 923 2506 ecclesiasticam
943 2447 975 2506 te
998 2439 1097 2506 ordiri
1121 2459 1187 2506 non

124 2575 222 2642 posse
247 2553 385 2622 fidenter
409 2553 591 2639 historiam,
616 2553 679 2620 nisi
701 2553 871 2640 utriusque
896 2553 1017 2639 linguae
1039 2554 1188 2642 quaedam

126 2690 242 2737 rerum
266 2676 432 2754 gestarum
454 2668 634 2756 conscripta
659 2669 758 2736 series
779 2671 820 2734 ad
838 2677 929 2736 tuam
956 2669 1106 2736 notitiam
1132 2668 1188 2737 de·

125 2784 280 2853 venisset.
298 2782 512 2870 Quapropter,
530 2784 586 2870 qui
611 2792 708 2851 tautae
723 2803 777 2851 me
800 2783 970 2871 imperitiae
994 2803 1188 2869 recognosco

124 2907 167 2966 ut
188 2920 246 2965 nec
265 2898 369 2988 ipsius
388 2898 511 2988 linquae
534 2919 616 2964 mere
633 2898 670 2964 in
689 2921 756 2988 quo
771 2909 966 2981 natussum,
990 2917 1032 2965 ne
1051 2897 1187 2966 dixerim

125 3013 253 3101 aliene,
269 3015 334 3081 vim
346 3024 514 3100 penetrare
526 3012 697 3099 sufficiam,
711 3033 747 3080 ac
759 3035 817 3100 per
830 3015 890 3082 hoo
903 3034 1073 3101 nunquam
1087 3013 1188 3082 inter-

124 3129 277 3216 pretandi
303 3149 497 3215 quacunque
523 3129 646 3196 ratione
664 3149 821 3197 conamen
847 3129 988 3215 arripere
1006 3149 1186 3217 presump-

125 3244 256 3331 sissem,
293 3244 498 3312 consentiens
528 3265 546 3311 a
574 3244 739 3331 magistris
768 3244 960 3331 reprehendi
987 3265 1087 3331 quam
1112 3255 1143 3312 te
1169 3266 1188 3311 a

125 3359 279 3446 praedicta
293 3369 421 3448 torpore
433 3381 506 3428 meo
520 3360 655 3428 terenda
667 3359 802 3427 historia
816 3379 992 3448 removere,
1006 3360 1187 3428 satisfacere

125 3473 189 3542 tibi
203 3495 275 3542 ecoe
289 3497 347 3562 pro
363 3475 488 3543 viribus
499 3475 658 3542 maturavi
668 3473 692 3542 ².
710 3499 726 3540 o

174 3593 206 3657 4.
231 3589 306 3657 Noli
333 3599 442 3658 autem
465 3600 578 3678 putare
597 3611 669 3658 eam
689 3591 851 3677 linguam,
871 3612 970 3678 quam
995 3591 1186 3658 Anastasius

123 3709 187 3774 hoo
211 3707 283 3774 loco
305 3725 398 3773 suam
426 3704 553 3794 sibique
579 3705 720 3773 nativam
748 3705 937 3794 declaravit,
964 3706 1099 3773 latinam
1121 3725 1186 3770 nou

124 3842 210 3909 esse,
236 3821 292 3889 sed
317 3839 478 3908 grecam3
505 3839 647 3907 namque
672 3820 706 3886 in
727 3819 840 3888 eadem
857 3820 897 3886 ad
916 3820 1098 3887 iohannem
1116 3818 1188 3885 dia-

124 3955 248 4004 conum
269 3935 415 4024 epistola,
438 3936 466 4003 si
487 3935 616 4022 quaudo
637 3935 829 4003 Anastasius
851 3934 891 4002 de
913 3933 1012 4004 latino
1037 3953 1187 4003 sermone

158 4161 182 4209 l.
197 4156 316 4208 Anastasii
329 4155 446 4220 Epistola
460 4155 496 4206 aot
509 4156 652 4206 Johonoem
663 4155 798 4206 diaconum
814 4154 918 4218 (Migne,
931 4157 951 4201 t.
967 4153 1076 4218 cxxii,
1092 4170 1116 4220 p.
1131 4158 1186 4217 56⁰,

123 4239 319 4369 ⁵6AAAnastasii
335 4316 452 4381 Epistola
462 4315 496 4366 cd
512 4315 652 4366 Iohannem
665 4316 801 4366 diaconum
817 4315 918 4379 (hligne,
933 4315 1002 4378 ibid,
1016 4332 1040 4380 p.
1058 4317 1124 4380 stt).
1186 4341 1189 4348 ⁴
