2954 5050
247 446 294 502 did
466 444 681 506 aulsrssn,
706 442 906 494 HADRIANO
931 443 1026 494 PAPA
1047 444 1092 506 ΙΙ,

250 601 306 668 aut
335 599 419 660 esset
445 588 592 657 additum
627 599 684 658 aut
715 599 933 678 amputatum.
972 591 1051 670 Quae
1079 609 1154 658 cum
1185 591 1321 677 legeret

249 707 459 794 AnastasinS,
494 706 529 772 in
557 705 689 793 epistola
713 705 854 793 quadam
881 705 1004 774 Nicolai
1033 705 1049 773 I
1081 705 1319 775 animadvertit

248 824 360 914 (idque
379 841 417 888 eo
429 819 556 889 facilius
573 820 661 909 quod
678 821 765 889 illius
786 820 891 889 iuerat
911 820 1059 910 scriptor)
1079 821 1318 910 quodcumque

250 926 435 1006 Hadrianus
455 935 500 1025 Il,
524 937 662 1005 Arsenio
687 937 894 1026 imminente,
919 937 955 1004 in
975 937 1104 1005 laudern
1125 936 1315 1006 Hludowici

249 1037 453 1142 imperatoris
476 1033 675 1141 adscriptum
694 1053 849 1139 voluerat,
878 1051 988 1122 Graeca
1008 1053 1217 1123 conversione
1239 1074 1317 1126 esse

249 1170 425 1240 deletum¹.

294 1286 379 1358 Hinc
401 1306 519 1373 magna
541 1285 724 1372 indignatio
746 1284 1004 1374 Bibliothecarii,
1022 1286 1079 1374 qni
1101 1285 1235 1374 quidem
1250 1289 1317 1356 boc

249 1402 393 1492 parentis
418 1403 469 1470 sui
488 1423 548 1491 pro
570 1403 764 1490 imperatore
788 1402 935 1470 studium
955 1405 1033 1470 olim
1050 1412 1229 1493 notaverat,
1256 1403 1318 1472 sed

251 1539 339 1588 nuno
366 1539 465 1605 quam
490 1518 629 1586 maxime
654 1527 779 1606 poterat
802 1519 1028 1587 emulabatur.
1052 1517 1140 1587 Hinc
1163 1521 1316 1587 animum

250 1636 432 1722 legatorum
452 1634 685 1723 pontificalium
703 1635 747 1702 ita
769 1634 933 1723 accendit,
953 1644 990 1703 ut
1004 1635 1028 1702 ii
1039 1633 1111 1723 jam
1125 1635 1216 1704 Actis
1233 1635 1319 1704 sub·

252 1750 394 1820 scribere
412 1759 613 1838 recusarent,
637 1770 673 1818 ac
691 1770 791 1837 prope
815 1749 913 1821 suerit
936 1759 985 1838 ut,
1010 1751 1146 1819 obeam
1166 1771 1315 1840 causam,

251 1887 364 1940 recens
377 1867 548 1954 utriusque
565 1866 706 1935 ecclesia
720 1865 891 1934 concordia
907 1865 1063 1955 periret².

213 1999 215 2004 ·
296 1983 373 2052 Post
400 1985 468 2053 haec
495 1992 604 2052 autem
631 1983 824 2051 Anastasius
850 1983 959 2052 statim
987 1984 1084 2052 aliam
1111 1985 1317 2052 occasionem

250 2099 427 2185 probanda
455 2098 632 2186 diligentia
660 2107 775 2166 nactus
805 2107 864 2166 est.
895 2098 1060 2167 Libellum
1085 2100 1174 2168 enirn
1203 2120 1320 2186 quern·

252 2212 330 2281 dam
354 2235 457 2302 graece
490 2214 648 2303 scriptum
677 2214 847 2302 episcopus
870 2215 1008 2303 quisque
1025 2212 1214 2304 Byzantina
1236 2215 1319 2283 dirc-

254 2342 361 2400 'ceseos
385 2329 558 2417 obsignare
583 2329 779 2418 debuerat³,
801 2331 837 2397 in
859 2352 923 2419 quo
948 2351 982 2399 se
1002 2341 1035 2399 et
1055 2331 1207 2402 Photium
1227 2329 1319 2421 juste

286 2485 309 2534 1.
330 2480 460 2546 oDeniquc
477 2482 552 2543 gestis
573 2482 700 2533 salubriter
714 2482 833 2546 omnibus,
850 2497 904 2548 que
927 2483 1050 2533 indecem
1069 2483 1212 2534 sessionibus
1233 2485 1319 2549 synodi

253 2567 333 2612 textus
351 2561 525 2626 complectitur,
547 2561 621 2625 legati
640 2569 727 2614 sancte
741 2566 853 2613 Romana
877 2563 983 2614 ecelesias
997 2569 1087 2613 testum
1106 2563 1197 2628 synodi,
1214 2579 1244 2614 ne
1262 2565 1319 2630 quid

256 2657 334 2706 greca
351 2641 435 2692 levitas
456 2642 543 2693 falsum
564 2645 588 2693 in
608 2659 663 2695 eam
677 2645 833 2707 congesserit,
850 2645 974 2696 Anastasio
995 2649 1083 2694 sancte
1107 2643 1320 2709 sedisapostolicae

254 2723 443 2788 bibliothecario,
454 2725 495 2790 qui
507 2731 564 2774 tuuc
574 2725 690 2788 temporis
700 2738 741 2790 pro
749 2739 820 2774 causa
829 2724 961 2774 illudowici
975 2725 1122 2774 serenissimi
1132 2725 1207 2774 nostri
1217 2727 1320 2787 Augusti

254 2819 310 2856 cum
333 2806 446 2870 suppone
467 2804 643 2854 archiministro
666 2810 720 2869 post
738 2820 778 2855 eos
796 2804 1028 2868 Constantinopolim
1046 2805 1138 2867 divina,
1159 2812 1186 2856 ut
1206 2806 1319 2870 creditur,

255 2887 430 2952 dispensatione
443 2891 595 2950 pervenerat,
609 2885 729 2935 subtiliter
743 2885 921 2950 inquirendum,
939 2891 1066 2950 antequam
1080 2885 1240 2950 subscribant,
1254 2901 1319 2936 com·

255 2967 363 3017 mittunt.
377 2968 399 3017 A
415 2981 472 3030 qut),
489 2965 546 3030 quia
562 2966 586 3015 in
600 2966 707 3030 utrisque
725 2964 816 3028 linguis
834 2966 1042 3030 eloquentissimus
1056 2966 1182 3031 existebat,
1196 2967 1319 3018 studiosis-

255 3047 315 3098 sime
326 3052 495 3112 persorutatus,
507 3061 578 3096 omne
587 3046 651 3111 quod
663 3046 694 3095 ad
707 3046 802 3096 laudern
811 3047 957 3097 serenissimi
966 3047 1040 3096 nostri
1048 3046 1148 3098 Cesaris
1157 3048 1319 3098 sanctissimus

254 3127 354 3178 domnus
368 3126 505 3177 Hadrianus
518 3127 623 3191 pontiler
635 3127 660 3175 in
674 3126 773 3191 epistola
784 3128 820 3177 sui
833 3126 972 3192 decessoris,
994 3128 1093 3177 11111110
1109 3127 1223 3193 episcopo
1239 3129 1319 3178 immi-

254 3213 335 3271 nente,
352 3207 479 3272 adJecerat,
496 3213 630 3257 resecatum
642 3208 800 3259 inveniunt.»
815 3208 872 3258 Vita
889 3206 1020 3257 Hadriani
1032 3209 1065 3270 11,
1080 3221 1101 3258 o.
1114 3219 1182 3271 11111,
1196 3210 1317 3272 112134.

254 3291 313 3348 Quas
330 3302 385 3338 1110
402 3287 518 3338 11111111
533 3287 625 3337 Nicolai
641 3289 749 3353 epistola,
769 3289 793 3338 in
811 3303 859 3352 qua
875 3287 1009 3338 Hadrianus
1027 3289 1051 3338 11
1070 3287 1151 3337 laudes
1171 3287 1318 3352 imperatoris

253 3367 357 3419 adscribi
377 3370 490 3432 jusserat,
509 3383 606 3432 prorsus
628 3367 760 3430 ignoratur.
786 3370 849 3418 Nam
870 3383 901 3418 ne
920 3369 971 3432 ipse
984 3367 1082 3432 quidem
1095 3367 1248 3433 Anastasius,
1265 3383 1317 3419 curn

254 3447 339 3498 deinde
352 3449 413 3498 Acta
425 3447 520 3498 concilii
533 3448 672 3498 oecumenici
687 3449 763 3498 octavi
778 3448 851 3498 latine
865 3448 992 3511 convertit,
1004 3447 1130 3512 epistolam
1143 3446 1217 3498 ullam
1232 3447 1317 3499 Nicolai

254 3528 292 3583 bis
308 3528 419 3579 laudibus
436 3529 588 3592 imperatoris
603 3535 698 3578 auctam
722 3527 814 3589 retulit,
833 3529 875 3578 sed
897 3543 937 3578 eas
959 3542 1042 3578 omnes
1061 3527 1213 3593 transcripsit
1236 3529 1315 3578 iisdem

253 3609 333 3660 verbis
349 3614 374 3659 et
396 3609 472 3659 torma
487 3609 572 3675 quibus
592 3608 649 3658 olim
672 3609 762 3658 Nicolai
786 3611 882 3658 nomine
900 3608 1037 3672 scripserat.
1061 3608 1108 3674 (Gi.
1133 3607 1220 3669 Colati,
1238 3615 1259 3659 t.
1278 3610 1315 3673 lX,

252 3705 279 3755 p.
290 3692 496 3753 1299-1198,011111
509 3689 596 3753 coleti,
609 3694 628 3738 t.
644 3689 673 3750 X,
685 3703 711 3753 p.
723 3691 779 3752 529,
794 3691 850 3748 535,
862 3690 916 3752 539,
932 3688 1066 3753 111112.)

283 3772 308 3822 2.
326 3771 502 3836 «Quapropter
520 3769 646 3835 epistolam
666 3767 884 3832 sedisapostolicae
906 3768 1072 3819 fraudulenter
1086 3781 1206 3818 corrosam
1223 3767 1316 3818 summis

251 3847 395 3900 clamoribus
408 3855 594 3915 conqueruntur,
614 3849 717 3898 latentes
733 3863 759 3898 sa
779 3848 930 3900 nullomodo
947 3848 1101 3914 synodalibus
1114 3848 1250 3898 actionibus
1262 3848 1316 3897 sub·

252 3929 392 3995 scripturos,
407 3930 451 3980 nisi
462 3931 537 3981 totius
548 3928 654 3995 epistolae
669 3927 797 3991 integritas
811 3930 887 3992 gestis
898 3929 1015 3994 synodicis
1026 3931 1182 3994 jungeretur.
1192 3930 1244 3979 llcc
1255 3927 1316 3978 ruodo

251 4011 365 4062 Romanis
379 4012 536 4076 certantibus,
559 4011 648 4062 Grecis
665 4023 722 4060 1110
740 4023 788 4059 non
805 4025 858 4060 esse
879 4011 902 4059 in
926 4008 1016 4076 synodo
1032 4009 1062 4060 ds
1076 4008 1147 4059 lande
1164 4009 1315 4075 imperatoris,

252 4090 340 4142 cedde
358 4092 430 4143 solius
455 4094 498 4143 ilai
517 4092 668 4144 tractandum
687 4091 789 4141 altisone
809 4089 1019 4155 respondentibus,
1043 4104 1179 4155 nomenque
1202 4088 1317 4154 imperiala

251 4174 332 4221 nostro
346 4174 433 4224 cesari
448 4173 544 4238 penitus
557 4172 753 4224 inridentibusa
774 4171 831 4222 Vita
846 4171 975 4222 Hadriani
985 4173 1019 4234 11,
1035 4184 1058 4220 c.
1073 4180 1151 4235 111111,
1168 4184 1194 4234 p.
1209 4171 1264 4220 211.

284 4251 309 4300 3.
325 4252 358 4302 V.
371 4255 436 4304 Acta
449 4254 542 4316 synodi
556 4254 622 4320 VIII,
641 4267 700 4304 sess.
715 4252 842 4317 lllligna,
856 4257 876 4302 t.
891 4251 1001 4317 CXXIX,
1015 4265 1042 4318 p.
1063 4252 1134 4314 36-15
1153 4248 1240 4316 coleti,
1254 4255 1273 4301 1.
1290 4248 1317 4316 il,
