2944 5060
523 499 719 552 arreuulx
745 499 859 552 PRIOR
1176 507 1222 557 299

191 643 270 698 Tunc
288 641 408 698 tradidit
418 641 592 698 venerabilis
601 642 644 698 vir
655 641 811 700 conwoion
830 657 970 698 coronam
990 645 1124 701 aureamt
1138 646 1224 704 beato

152 730 245 788 Leoni
259 729 401 798 Pontifici,
418 729 548 802 dixitque
572 730 599 785 ei
619 730 791 802 petitionem
811 730 952 802 Principis
963 731 1137 792 Nomenoe¹.
1149 735 1224 792 Con-

153 818 289 892 gregavit
311 817 400 892 igitur
422 819 524 875 beatus
546 835 621 892 papa
641 821 695 876 heo
716 819 859 892 synodum
883 819 1085 892 episcoporum
1100 821 1131 878 iu
1153 824 1223 880 urbe

153 911 249 964 Roma
263 905 361 980 ibique
373 907 505 964 discussit
519 923 618 964 causas
632 906 844 981 episcoporum,
860 907 995 964 audiente
1016 910 1079 967 viro
1102 928 1224 969 venera·

153 997 206 1053 bili
228 997 410 1054 Conwoione.
432 997 639 1071 0bjurgatique
663 1001 730 1054 sunt
750 997 786 1052 ab
804 997 945 1072 episcopie
959 1003 1063 1056 sancte
1085 1002 1223 1060 Romanae

153 1087 292 1157 ecclesia,
324 1087 470 1160 quomodo
500 1086 730 1160 presumsissent
758 1086 834 1144 dona
857 1089 887 1142 et
909 1103 1033 1144 munera
1055 1105 1108 1162 pro
1133 1093 1223 1149 sacris

153 1175 310 1232 Ordinibus
331 1175 472 1249 accipere.
487 1175 530 1231 illi
551 1193 567 1232 e
588 1179 689 1233 contra
709 1175 922 1248 responderunt
945 1193 952 1233 :
977 1177 1036 1232 Etsi
1056 1179 1222 1253 recipimus,

152 1265 323 1337 ignoranter
334 1265 466 1322 fecimus.
492 1265 569 1321 Tunc
583 1265 719 1322 tesaurus
734 1263 964 1337 archiepiscopus
981 1264 1052 1322 dixit
1068 1285 1075 1324 :
1092 1269 1222 1325 «Nullus

152 1354 288 1410 sacerdos
303 1352 388 1410 debet
401 1354 539 1426 ignorans
554 1371 628 1411 esse.
651 1355 715 1410 llaee
732 1353 877 1410 excusatio
892 1370 951 1410 non
964 1357 1008 1410 est
1022 1355 1188 1414 satisfactio.
1207 1381 1222 1411 n

153 1443 276 1499 Sanctus
289 1459 364 1516 papa
382 1443 438 1499 heo
460 1442 609 1516 respondit
625 1459 633 1500 τ
651 1441 842 1498 «Auctoritas
863 1444 953 1500 sancti
973 1445 1123 1517 Evangelii
1144 1448 1220 1504 exci-

153 1532 262 1605 pienda
280 1535 336 1590 est.
358 1533 421 1604 lpse
442 1547 567 1605 namque
585 1531 726 1588 Dominus
745 1531 808 1588 ait:
829 1531 861 1588 st
880 1533 924 1588 sot
938 1537 1089 1603 monuerit,
1117 1537 1147 1592 in
1168 1553 1222 1608 quo

152 1621 315 1680 conterre?
332 1620 364 1676 ld
378 1623 432 1688 est,
448 1619 472 1676 si
486 1619 636 1693 episcopus
651 1620 800 1692 amaverit,
816 1637 834 1676 a
848 1637 905 1694 quo
921 1620 1148 1680 emendabitur?
1163 1625 1221 1682 Sed

153 1715 183 1767 et
206 1710 296 1767 saneti
315 1727 439 1767 canones
461 1711 516 1766 hoe
531 1709 688 1782 judicant:
711 1711 823 1782 Siquis
843 1713 994 1784 episcopus,
1012 1713 1155 1783 presbyter
1171 1719 1222 1770 out

153 1799 285 1856 diaconus
299 1815 351 1870 per
366 1801 496 1872 pecunim
513 1800 601 1868 nient
619 1799 773 1868 ordinatus,
791 1797 939 1870 dejiciatur
957 1799 990 1854 ob
1008 1799 1100 1856 ordine
1126 1817 1175 1858 sco
1195 1808 1222 1859 et

151 1891 221 1960 ipse,
239 1893 266 1944 et
284 1887 426 1944 ordinotor
443 1887 512 1959 ejus.
534 1907 549 1938 u
569 1887 603 1942 Et
622 1886 663 1942 ita
685 1887 715 1942 in
737 1887 788 1943 illa
801 1887 918 1960 Synodo
932 1886 1089 1944 diffinitum
1109 1891 1162 1959 est,
1189 1895 1221 1948 ut
1328 1914 1333 1926 ·

153 1978 247 2032 nullus
260 1975 410 2050 episcopus
425 1976 531 2033 audeat
544 1991 667 2032 munera
680 1979 729 2032 aut
744 1976 822 2033 dona
835 1978 871 2033 ab
880 1977 941 2033 ullo
956 1976 1058 2034 ordine
1073 1978 1220 2035 ecclesias-

152 2067 209 2123 tico
224 2065 367 2140 accipere.
384 2064 469 2131 Quod
479 2064 504 2121 si
526 2064 637 2134 iecerit,
651 2064 775 2137 madum
789 2065 938 2140 proprium
954 2065 1080 2138 emittat,
1097 2071 1127 2123 et
1147 2067 1219 2126 alius

153 2154 182 2210 in
194 2156 259 2211 loce
274 2154 336 2227 ejus
350 2154 533 2227 subrogetur.

191 2298 287 2360 Vides
314 2299 348 2360 ut
375 2315 414 2360 ex
436 2295 580 2360 omnibus
607 2297 749 2361 ecclesiae
767 2301 915 2360 Romanae
929 2297 1114 2379 presulibus
1133 2319 1215 2364 unus

152 2405 301 2469 Arsenius
324 2405 356 2467 in
378 2404 530 2468 memorie
556 2405 733 2484 legatorum
755 2405 976 2494 Britannorum
998 2406 1158 2486 insederit,
1182 2411 1217 2470 ut

152 2533 233 2575 unus
244 2513 295 2575 ille
309 2530 383 2574 cum
396 2529 519 2574 summo
534 2512 681 2592 pontifice
694 2511 882 2574 sententiam
895 2513 1101 2592 pronuntians
1122 2514 1217 2577 indu·

151 2621 369 2700 catur,quem·
382 2619 509 2700 quidem
530 2619 664 2699 scriptor
685 2617 780 2700 hujus
803 2618 882 2682 Vitae
909 2618 987 2682 falso
1010 2620 1219 2702 archiepisco·

151 2745 226 2807 pum
238 2726 520 2809 appellavit(uem0
536 2725 665 2790 enimin
679 2726 997 2806 provincialtomana
1021 2729 1089 2790 erat
1115 2730 1220 2791 erchi-

152 2833 339 2914 cplscopue)‚
363 2832 419 2895 sed
443 2850 558 2914 exque
581 2833 777 2895 manifestius
802 2836 933 2913 apparet
954 2837 1105 2913 quantam
1125 2835 1164 2896 de
1182 2854 1216 2898 se

151 2939 329 3020 opinionem
357 2939 506 3002 Arsenius
539 2940 625 3021 apud
657 2937 853 3002 Gouwoiouis
882 2939 1039 3002 studiosos
1072 2939 1211 3004 fecisset.

190 3048 304 3110 llirum
318 3063 394 3108 sane
409 3049 456 3108 est
469 3046 527 3108 iste
538 3045 745 3127 pecuniarum
759 3045 871 3108 auidus
885 3047 981 3126 atque
992 3045 1130 3108 thesauri
1143 3065 1216 3128 apo-

150 3152 250 3216 stolici
261 3151 417 3233 direptor³
427 3169 522 3232 quam
534 3153 670 3233 superbe
681 3152 712 3213 in
725 3151 914 3215 simoniacos
928 3151 1109 3230 invehatur,
1121 3169 1216 3232 quam

150 3259 230 3321 belle
245 3258 404 3321 indoctam
419 3259 583 3322 avaritiam
597 3259 746 3322 retundat
758 3263 765 3321 l
778 3261 819 3321 At
832 3259 963 3320 tortasse
983 3259 1142 3320 Nomenoe
1161 3277 1216 3320 rex

149 3384 211 3427 non
226 3365 283 3427 soli
301 3383 423 3427 summo
452 3365 590 3444 pontiflci
620 3383 751 3426 munera
766 3363 933 3443 obtulerat,
951 3364 1065 3444 quibus
1081 3364 1215 3428 donatus

149 3472 299 3534 Arsenius
327 3469 512 3551 intelligitur
535 3471 741 3551 quamobrem
761 3488 891 3533 causam
905 3470 1055 3553 principis
1079 3474 1111 3533 et
1133 3472 1214 3533 Gon·

148 3576 281 3642 weiunis
316 3579 404 3639 tante
430 3576 534 3640 studio
548 3580 673 3639 secutus
688 3576 738 3654 sit,
763 3577 847 3640 unde
862 3576 937 3640 huic
955 3576 1152 3639 mercenario
1167 3595 1216 3638 su-

148 3683 232 3746 bitus
261 3701 423 3764 novusque
463 3682 652 3763 integritatis
687 3701 777 3745 amor
804 3682 968 3747 exsilienti.

180 3873 203 3918 l.
224 3869 364 3920 «Coronam
378 3883 475 3920 auream
486 3879 540 3918 cnm
553 3867 657 3930 gemmis
670 3865 859 3933 pretiosissimis.
869 3883 883 3918 e
895 3862 953 3918 Vite
964 3861 1132 3932 connotent,
1143 3865 1214 3932 ibid,

220 3949 234 3981 o

147 3951 268 4088 p{litui
283 4027 396 4078 videlicet
409 4044 423 4075 a
436 4027 534 4093 petebat
547 4043 562 4077 a
573 4026 643 4077 beato
658 4029 736 4078 Leone
750 4042 811 4092 papa
828 4041 901 4076 unum
922 4041 951 4076 ex
969 4025 1057 4076 sanctis
1073 4024 1214 4090 corporibus

147 4109 289 4173 Martyrum,
303 4109 344 4172 qui
358 4109 491 4158 Romanam
500 4107 625 4158 ecclesiam
640 4113 694 4172 poet
705 4107 802 4156 beatum
812 4109 912 4157 Petrum
924 4105 1058 4171 apostolum
1071 4109 1213 4156 rexerant.»

150 4189 207 4238 Vita
220 4187 387 4252 Conwoionis,
401 4187 469 4252 ibid,
484 4202 509 4252 p.
525 4189 581 4237 ate.

178 4270 202 4318 3.
222 4268 252 4319 V.
267 4282 350 4333 supra,
365 4282 390 4332 p.
404 4269 443 4326 9⁰,
459 4270 499 4319 95.
