2944 5060
531 432 725 484 areanum
750 430 866 484 PRIOR
1185 431 1234 481 sor

206 576 272 636 Hoc
286 573 397 635 ecdem
412 576 552 655 tempore
567 593 640 638 cum
654 573 839 637 Anastasius
850 572 883 636 in
898 573 1025 636 dioecesi
1039 571 1230 654 Aquilejensi

166 680 306 759 degeret,
331 679 399 742 Ado
426 683 607 744 Ravennam
623 681 762 760 advenit,
777 659 954 743 monachus
979 680 1030 744 ille
1050 679 1102 762 qui
1123 682 1231 760 postea

165 787 420 868 archiepiscopus
430 788 614 851 Viennensis
628 788 660 850 iu
686 788 786 852 Gallia
806 792 930 851 creatus
950 791 1008 851 est.
1024 787 1081 850 Hic
1107 785 1231 849 circiter

165 912 248 956 annu
261 893 341 958 844¹
360 894 528 957 Prumense
547 896 772 959 monasterium
790 895 945 976 linquens,
968 894 1054 976 quod
1074 913 1148 957 cum
1162 892 1232 956 aliis

164 1000 329 1062 monachis
355 1000 596 1063 concordissime
623 1002 728 1066 vivers
754 1019 818 1064 non
852 1003 958 1082 posset
975 1003 1057 1078 (erat
1084 1000 1168 1063 enim
1194 1017 1233 1062 ex

166 1107 356 1168 Ferrariensi
375 1107 566 1170 monasterio
592 1127 701 1171 recens
723 1105 888 1187 advena²)‚
913 1109 1045 1172 Romam
1071 1099 1232 1187 profectus

166 1215 234 1274 erat
245 1233 253 1287 ;
265 1213 297 1274 in
307 1232 370 1294 qua
380 1215 458 1277 urhe
471 1232 543 1276 eum
555 1232 655 1277 annus
667 1215 730 1278 fere
746 1214 884 1296 quinque
898 1212 1034 1289 vixisset,
1050 1214 1233 1276 Ravennam

165 1337 234 1380 sese
249 1319 408 1383 contuliti.
434 1320 515 1396 Quid
537 1321 581 1383 ibi
604 1322 703 1402 egerit
717 1324 748 1384 et
772 1320 923 1403 quamdiu
940 1326 1081 1383 muratus
1101 1321 1152 1401 sit,
1169 1319 1231 1384 dici

167 1428 252 1488 certo
265 1445 327 1488 uon
341 1431 454 1506 potest,
470 1431 504 1490 at
527 1429 555 1490 ei
575 1428 794 1491 nenessitatem
808 1428 947 1508 aliquam
963 1427 1233 1509 conjunctionem·

168 1553 228 1614 que
245 1553 316 1597 cum
333 1536 459 1598 dioecesi
481 1525 672 1619 A'quilejeusi
692 1537 799 1614 fuisse,
815 1555 854 1598 ex
868 1537 928 1599 hoc
940 1536 1038 1599 iniero
1059 1537 1146 1618 quod
1158 1556 1231 1618 pos·

165 1646 219 1705 tea
232 1662 363 1706 narrans
378 1646 536 1723 quomodo
553 1646 812 1727 martyrologium
834 1645 924 1724 illud,
945 1665 965 1707 a
986 1664 1047 1726 quo
1073 1647 1232 1726 praecipuc

168 1748 284 1812 lamam
298 1751 383 1832 apud
397 1759 538 1832 posterus
558 1753 703 1829 obtinuit,
718 1753 751 1814 in
774 1753 877 1816 lucem
890 1752 1029 1833 potuerit
1050 1751 1155 1831 edere,
1172 1753 1233 1816 hoc

168 1875 206 1918 ex
221 1859 390 1936 exemplari
406 1861 543 1940 quodam
557 1861 674 1923 eruisse
688 1880 721 1922 se
732 1859 890 1940 protessus
900 1861 958 1939 est,
970 1859 1056 1940 quod
1068 1860 1232 1940 episcopus

168 1965 374 2045 Aquileiensis
389 1985 408 2028 a
421 1969 562 2030 Romanu
575 1969 721 2048 pontifice
736 1967 919 2048 accepisset,
944 1967 1090 2049 quodque
1108 1966 1232 2047 religio·

168 2088 220 2132 sus
238 2071 366 2152 quidam
385 2073 492 2152 frater,
512 2074 546 2137 id
563 2077 621 2152 est,
634 2075 830 2150 mouachus,¹
842 2073 901 2136 sihi
923 2077 1082 2136 Ravennae
1105 2072 1231 2152 degenti

169 2179 441 2250 transcribendum
459 2180 719 2244 commodasset4.
737 2182 811 2255 Qua
827 2200 899 2243 cum
908 2181 976 2244 Ado
990 2180 1152 2257 scriberet,
1166 2182 1233 2242 erut

168 2285 352 2348 Anastasius
375 2288 407 2348 iu
426 2289 616 2352 monasterio
636 2291 667 2351 S.
684 2288 790 2352 Mariae
805 2290 892 2351 trans
906 2288 1046 2351 Tiberim
1061 2287 1173 2362 abhas,
1195 2305 1233 2348 ex

169 2411 232 2473 quo
246 2411 338 2456 nemo
352 2394 481 2457 fortasse
495 2394 672 2466 mirabitur,
689 2394 715 2456 si
728 2393 805 2455 mihi
820 2393 851 2455 in
861 2397 1000 2456 mentem
1010 2391 1132 2455 venerit
1144 2397 1232 2472 (oon-

164 2498 289 2579 jectura
303 2500 441 2581 quidem,
453 2519 526 2563 *uon
546 2500 785 2582 cartanensis),
809 2500 936 2563 fratrem
951 2501 1039 2563 illum
1061 2500 1114 2582 qui
1130 2517 1233 2564 exem-

168 2607 239 2685 piar
266 2606 359 2688 hujus
386 2607 603 2688 martyrologii
631 2607 775 2689 Aquileja
804 2607 985 2670 Ravennam
1016 2607 1057 2669 ad
1090 2607 1232 2671 Adonem

167 2713 351 2791 transmisit,
369 2715 514 2777 eumdem
529 2733 597 2776 esse
617 2717 710 2794 atque
729 2715 870 2776 nostrum
892 2714 1051 2788 exsulem;
1075 2731 1112 2777 eo
1129 2711 1231 2794 magis

201 2875 224 2922 l.
242 2873 272 2922 V.
287 2871 397 2924 Histoire
409 2873 535 2924 littcrcire
549 2873 580 2925 de
595 2874 619 2924 lc
633 2875 739 2938 mance,
753 2879 773 2923 t.
786 2874 818 2938 V,
833 2888 856 2939 p.
871 2876 926 2936 iti,
939 2876 993 2925 7⁰0.

199 2955 223 3002 2.
244 2954 313 3012 Quod
334 2969 362 3003 cx
381 2955 449 3018 Lupo
466 2955 611 3004 Ferrariensi
628 2955 658 3004 ad
677 2954 811 3005 Gerardum
829 2953 914 3004 ducem
937 2953 1056 3003 scribente
1076 2951 1230 3017 accepimusr

168 3034 310 3084 «Ceterum
328 3033 393 3099 quod
411 3033 537 3100 diligenter
558 3036 707 3098 scmtamini,
730 3035 843 3085 noveritis
867 3034 1011 3085 monachum
1040 3039 1065 3084 et
1087 3033 1232 3099 discipulum

168 3128 251 3163 meum
264 3114 309 3165 Ad.
325 3114 454 3179 (Adonem)
467 3130 598 3180 numquam
614 3123 720 3166 anostro
736 3115 881 3166 monasterio
898 3114 1032 3176 aufugisse:
1043 3113 1085 3163 sed
1093 3113 1123 3163 ad
1133 3113 1231 3179 petitio-

167 3209 224 3243 nem
243 3195 319 3245 heatae
339 3196 460 3246 memoriae
479 3197 619 3246 Marouardi
633 3197 728 3246 abbatis
741 3212 769 3246 er
783 3196 880 3246 Prumie
901 3204 944 3245 aut
964 3196 1080 3244 Proneam
1100 3194 1161 3258 (hac
1179 3206 1231 3243 cor·

168 3281 238 3339 rupta
251 3275 371 3341 videntur)
385 3291 400 3325 a
412 3275 480 3327 uobis
494 3292 550 3326 eum
565 3277 664 3327 honeste
677 3277 803 3339 directum,
816 3281 840 3326 et
857 3291 913 3325 curn
924 3275 964 3325 illo
976 3275 1122 3340 aliquamdiu
1132 3290 1231 3326 conver·

168 3361 258 3417 satum,
272 3356 431 3421 quorumdam
443 3357 614 3407 invidiosorum
628 3358 714 3407 vitasse
726 3356 833 3406 insidias.
847 3376 861 3400 a
878 3356 938 3420 Lupi
950 3357 1033 3420 Epiri.
1041 3355 1078 3406 cd
1088 3355 1232 3406 Germdom

168 3435 257 3486 ducem
270 3436 374 3503 ejusque
386 3437 520 3503 conjugem
534 3438 636 3500 (Migne,
649 3443 668 3488 t.
683 3439 769 3498 CXIX,
782 3451 823 3503 ep.
837 3439 892 3500 ¹22,
905 3451 929 3500 p.
947 3438 1008 3498 5953
1027 3434 1151 3500 Mabillon,
1169 3437 1232 3487 Aeto

169 3516 217 3567 SS.
233 3517 261 3568 0.
276 3516 303 3567 S.
318 3519 358 3580 a,
374 3522 394 3567 t.
408 3519 453 3581 Vl,
467 3532 492 3582 p.
506 3517 574 3582 265).

201 3598 226 3646 3.
242 3596 275 3648 V.
289 3597 422 3648 Brevioria
434 3597 497 3648 inlra
510 3597 591 3647 citata.

200 3677 224 3726 l.
250 3695 261 3722 e
279 3676 341 3728 Huic
361 3677 435 3742 operi,
458 3683 485 3727 ut
505 3678 557 3727 dics
577 3681 709 3741 martyrum
726 3676 850 3727 verissime
871 3682 1018 3741 notarentur,
1037 3675 1078 3742 qui
1096 3673 1186 3725 confusi
1206 3673 1230 3724 in

169 3755 278 3806 kalendis
291 3758 350 3807 satis
363 3757 465 3810 inveniri
477 3758 562 3818 solent,
573 3757 666 3821 adjuvit
676 3757 810 3808 venerabile
823 3764 847 3807 et
857 3757 1026 3823 perantiquum
1036 3754 1232 3822 Martyrologium

169 3837 200 3886 ab
213 3838 273 3887 urbe
286 3839 362 3888 Roma
378 3838 516 3904 Aquileiam
530 3838 625 3888 cuidam
637 3843 718 3887 sancto
728 3837 836 3902 episcopo
846 3853 859 3887 a
871 3837 981 3903 pontifice
989 3839 1094 3888 Romano
1104 3836 1231 3898 directum,

170 3919 266 3968 etmihi
279 3920 432 3984 postmodum
447 3935 461 3968 a
475 3919 578 3984 quodam
591 3919 702 3980 religioso
716 3919 789 3968 fratre
802 3917 893 3983 aliquot
907 3917 990 3968 diebus
1003 3917 1144 3982 prestitum.
1162 3913 1232 3976 Quod

170 4015 216 4062 ego
225 4000 334 4062 diligenti
346 4015 402 4050 cura
412 4001 591 4064 transcriptum,
604 4000 694 4064 positus
706 4001 770 4063 apud
784 4001 932 4060 Ravennam,
944 3998 969 4047 iu
979 3998 1057 4062 capite
1065 3997 1138 4060 hujus
1153 3994 1232 4061 operis

170 4080 305 4146 ponendum
318 4081 436 4146 putavi.»
450 4080 539 4131 Adonis
555 4081 677 4144 Praefatio
693 4081 721 4129 in
735 4078 948 4143 Martyroloqium
969 4079 1108 4128 Romanum
1128 4075 1231 4141 (Migne‚

170 4162 240 4225 P.L.‚
252 4168 269 4211 t.
281 4163 389 4224 ΟΧΧΙΙΙ,
401 4177 426 4225 p.
442 4162 506 4226 tlt).
522 4162 579 4211 Hae
590 4167 670 4210 autem
682 4159 793 4209 Praelatio
807 4159 826 4206 si
836 4173 882 4208 uon
897 4163 951 4223 post
964 4173 1053 4208 annum
1063 4159 1118 4223 860,
1132 4163 1232 4208 atcerte

171 4257 218 4292 nou
238 4241 314 4293 multo
332 4249 388 4292 ante
402 4242 491 4306 scripte
501 4249 546 4292 est.
569 4242 600 4293 V.
616 4242 646 4291 D.
663 4239 768 4302 Ceillier,
782 4237 846 4288 Hisi.
861 4238 1006 4304 generarier
1024 4243 1127 4290 auteurs
1138 4240 1232 4302 sueres,

171 4329 189 4373 t.
203 4323 268 4383 ΧΙΧ,
284 4338 308 4387 p.
323 4325 379 4374 249.
