3006 5050
493 461 659 515 eubulus
679 462 919 515 OSTENDITUR
1190 464 1235 514 lat

171 606 301 691 collega
326 603 496 674 Nicolaum
523 625 737 694 summopere
758 613 955 693 mgaverunt
980 613 1018 674 ut
1046 601 1236 675 Melchiadis

171 719 317 807 decreta,
354 740 568 808 quecumque
603 719 717 790 Rome
748 730 874 810 essent,
910 719 952 791 ad
983 721 1071 811 ipsos
1106 721 1238 790 mittere

171 845 301 904 curaret
314 837 335 905 ¹.

214 950 362 1021 Profecto
394 950 546 1021 Nicotaus
570 949 737 1021 Gallorum
762 951 987 1041 episcoporum
1012 972 1113 1041 quam
1144 973 1237 1042 aequa

171 1075 256 1134 essct
283 1068 457 1155 postulatio
479 1068 629 1155 ignorare
649 1088 716 1135 nou
740 1075 877 1156 poterat,
894 1065 1008 1156 virque
1023 1067 1163 1137 dubium
1188 1076 1238 1138 est

171 1185 266 1272 quin,
289 1195 417 1273 accepta
436 1183 619 1255 Weuilouis
639 1185 785 1271 epistola,
808 1184 1095 1256 scriniallomane
1116 1185 1239 1254 biblio-

171 1298 273 1365 thecae
296 1298 491 1385 investigare
513 1298 726 1367 Anastasium
738 1297 888 1387 jusserit,
904 1319 942 1368 eo
958 1297 1063 1387 magis
1084 1299 1171 1389 quod
1196 1300 1236 1368 dc

171 1411 228 1480 tali
248 1412 367 1501 scripto
386 1414 556 1501 agebatur,
582 1433 620 1482 er
643 1435 708 1501 quo
734 1415 867 1483 invento
889 1415 1030 1483 maxima
1052 1414 1236 1484 auctoritati

170 1527 455 1616 sedisapostolicae
477 1527 671 1598 aldomisset
684 1530 818 1598 utilitas.
841 1529 927 1611 Ouid
940 1529 1237 1618 veroAuastasius,

169 1654 244 1730 post
264 1642 353 1711 illam
379 1643 663 1732 investigationem
690 1643 893 1713 bibliothecae
917 1643 1087 1734 Romanae,
1105 1665 1239 1714 summo

169 1758 316 1846 pontifici
344 1759 590 1847 renuntiaverit,
618 1759 683 1827 dici
712 1769 800 1829 certo
832 1760 959 1848 nequit,
987 1781 1176 1848 quanquam
1202 1759 1236 1828 id

170 1873 329 1960 suspicari
343 1893 380 1942 ex
395 1875 608 1961 sequentibus
629 1874 763 1942 tortasse
778 1873 888 1943 licebit
902 1893 912 1961 3
935 1884 967 1942 at
986 1884 1072 1944 certe
1087 1895 1193 1962 neque
1207 1875 1239 1943 is

171 1987 1096 2076 altirmarcpotuitlalsamillamdecretalemMelchiadisin
1105 1988 1238 2059 archivo

170 2101 322 2172 Romano
343 2125 361 2171 a
382 2124 417 2172 se
431 2125 501 2173 esse
513 2105 694 2190 inventam,
711 2125 816 2192 neque
831 2103 920 2173 aliud
935 2102 1114 2192 quidquam
1129 2122 1238 2173 erem·
1268 2095 1274 2108 '

171 2220 243 2306 plar
256 2219 364 2306 operis
378 2218 696 2288 Pseudo-isidoriaui
720 2219 853 2290 Nicolao
874 2220 1053 2307 porrigere,
1077 2229 1237 2306 tanquam

170 2353 208 2402 er
224 2354 262 2402 ea
274 2333 469 2405 bibliotheca
483 2335 726 2425 depromptum.
741 2335 818 2404 Haec
832 2335 920 2404 enim
935 2336 1009 2404 licta
1023 2347 1236 2403 monumenta

170 2450 346 2518 Anastasio
361 2460 431 2518 tum
451 2471 518 2518 nou
543 2460 618 2519 nota
635 2449 748 2539 fuisse,
772 2472 848 2519 cum
865 2460 999 2541 apparet
1023 2470 1062 2520 er
1088 2448 1159 2539 ejus
1185 2470 1238 2520 re·

170 2694 337 2758 responsiones
353 2695 429 2745 sancti
447 2696 557 2757 Gregorii
568 2711 644 2762 pape,
659 2697 780 2762 exemplar
793 2697 853 2748 mibi
866 2697 971 2760 dirigere
987 2697 1104 2748 curetis...
1119 2702 1144 2749 ct
1156 2695 1238 2747 iures-

168 2775 248 2836 tigare
262 2775 352 2826 curetis
366 2789 374 2826 ι
388 2775 409 2826 si
424 2775 465 2825 illa
477 2776 620 2841 conscriptio
636 2792 708 2841 supra
723 2777 779 2828 dicti
795 2778 869 2842 patris
883 2778 956 2827 nostri
969 2777 1043 2826 munti
1059 2777 1168 2839 Gregorii
1183 2792 1237 2827 esse

168 2855 338 2920 comprobetur
364 2871 393 2906 aa
422 2871 479 2908 uon.
507 2857 572 2919 Quin
595 2857 623 2907 in
642 2858 736 2907 scrinio
756 2859 874 2908 itomance
897 2857 1015 2918 ecclesaie,
1038 2859 1067 2906 ut
1095 2857 1238 2921 udfirnannt

169 2935 302 2998 aninorii,
328 2950 384 2985 euna
407 2937 495 2986 ceteris
508 2936 696 3002 exemplaribus
719 2951 797 3002 supra
820 2937 883 2987 dicti
901 2937 1029 3002 pontificis
1054 2937 1162 3001 quesite
1185 2951 1238 2988 non

169 3014 352 3065 inveniebatur.
367 3037 379 3060 a
399 3016 478 3081 (tane,
493 3016 645 3067 Bibliotheca
661 3032 748 3067 rerum
761 3017 978 3079 Germanicarum,
989 3022 1009 3067 t.
1025 3017 1068 3076 lll,
1083 3031 1109 3081 p.
1123 3016 1173 3080 96.)

202 3098 226 3145 t.
242 3097 334 3160 Lupus,
349 3096 423 3146 abbas
433 3097 600 3160 Ferraricusis,
613 3096 750 3149 wenilonis
760 3099 839 3160 jussu,
852 3096 917 3146 illam
932 3096 963 3146 ad
973 3095 1097 3146 Nicolaum
1111 3095 1238 3161 epistolam

168 3189 243 3240 opera
249 3189 293 3224 sua
300 3182 325 3225 et
333 3175 393 3240 stylo
402 3175 542 3240 elaborarit,
549 3191 602 3241 que
610 3175 663 3226 ideo
671 3177 732 3227 iuter
739 3177 798 3226 alias
805 3176 867 3241 Lupi
875 3175 969 3226 litteras
976 3177 1041 3226 adita
1049 3183 1086 3226 est
1100 3177 1134 3243 (r.
1144 3179 1235 3240 Migue‚

168 3257 199 3306 P.
209 3256 274 3318 t..‚t.
282 3256 369 3319 cxlx,
379 3271 403 3321 p.
414 3256 540 3319 ets-tto).
551 3259 608 3320 Ejus
618 3270 700 3307 autem
710 3255 817 3321 epistole
824 3255 971 3321 exemplum,
979 3271 1028 3321 quo
1034 3256 1137 3322 quisque
1145 3257 1239 3307 lucilius

168 3334 354 3396 argumentandi
364 3335 431 3386 iilum
440 3342 529 3399 servet,
537 3337 589 3398 jam
598 3337 740 3386 transcribo.
754 3336 936 3398 «Suggerimus
943 3337 1142 3386 mansuetissime
1156 3344 1237 3402 pater-

169 3415 239 3464 nitati
251 3422 336 3465 restra
346 3416 370 3464 iu
380 3423 461 3466 nostra
471 3415 574 3476 dioecesi,
585 3417 609 3465 in
619 3416 706 3481 oppido
718 3417 780 3481 quod
790 3419 810 3467 N
814 3415 924 3466 ivernum
933 3415 1029 3480 dicitur,
1041 3432 1094 3466 esso
1107 3417 1236 3481 quemdam

166 3495 296 3560 episcopali
307 3495 385 3545 olllcio
397 3495 525 3560 preditum
537 3496 633 3546 nomine
647 3497 678 3546 ll.
690 3496 892 3560 (Herimauuum),
900 3496 943 3562 qui
953 3497 1091 3562 frequenter
1100 3496 1240 3546 admonitus

167 3581 194 3625 et
207 3575 249 3624 diu
265 3581 415 3640 exspectatus
430 3582 456 3625 ut
469 3575 637 3637 revalesceret,
651 3575 751 3640 implere
768 3591 814 3624 uon
828 3576 918 3627 sulflcit
938 3577 1017 3642 ipsum
1034 3576 1139 3627 officium
1156 3581 1238 3624 mente

168 3655 328 3717 nouiutegra.
338 3655 439 3704 Dicitur
448 3658 536 3704 eutem
545 3654 702 3704 Melcbindec
710 3669 779 3718 popu
786 3655 925 3706 decreuiece
938 3671 971 3706 ne
984 3657 1041 3721 quic
1050 3669 1163 3721 unquam
1170 3669 1236 3718 pon·

167 3737 235 3800 tifex
246 3737 301 3785 aine
313 3749 436 3784 consensu
446 3750 520 3800 pupoe
535 3735 642 3784 Romani
650 3735 829 3798 deponeretur.
842 3737 911 3786 Unde
920 3736 1095 3801 supplicamus
1103 3737 1131 3784 ut
1138 3737 1236 3784 statuta

166 3815 243 3866 itlius
256 3816 365 3878 integra,
376 3816 440 3865 suut
453 3830 530 3880 penes
543 3829 586 3864 vos
598 3814 731 3877 debentur,
745 3815 816 3865 nobis
834 3816 946 3881 diripere
962 3815 1119 3881 dignensium
1137 3821 1164 3864 ut
1182 3813 1238 3865 hinc

167 3895 241 3944 dictis
254 3895 329 3959 ipsius
345 3895 487 3956 confirmati,
504 3901 545 3944 aut
562 3896 625 3948 sicut
640 3895 724 3944 beatus
738 3897 869 3958 Gregorius
881 3897 963 3945 doctor
976 3896 1035 3944 tecit
1048 3895 1078 3943 de
1094 3893 1237 3944 Ariminensi

166 3976 281 4039 episcopo
290 3975 439 4025 incommodo
451 3974 522 4025 simili
532 3975 655 4024 laborante
666 3989 803 4039 sequamur,
814 3982 855 4025 aut
863 3975 924 4024 sicut
933 3982 1029 4024 sauctus
1039 3972 1148 4024 Gelenius
1158 3973 1238 4037 docet,

167 4053 326 4105 removendus
335 4055 366 4104 ait
373 4062 454 4105 mente
462 4069 597 4119 percussus.
606 4056 658 4114 Quo
668 4070 751 4105 rerum
759 4056 849 4120 absque
857 4054 979 4104 dubietate
986 4054 1099 4119 sciamus,
1107 4055 1239 4119 expetimus

165 4141 191 4185 et
209 4140 375 4200 exspectamus
391 4141 499 4184 restrum
521 4123 651 4196 iudicium,
670 4149 700 4183 ne
723 4135 746 4183 iu
765 4133 906 4184 temeritatis
923 4132 1065 4184 calumniam
1087 4134 1239 4200 aliquatenus

167 4215 310 4274 lucidamus,
323 4214 374 4274 sed,
388 4220 468 4264 rastro
483 4213 587 4263 instituti
601 4214 775 4276 moderamine,
787 4214 895 4264 credun·
913 4218 939 4264 ct
953 4214 1104 4268 rectitudinis
1118 4215 1239 4268 tramitem

167 4295 460 4347 nullatenusdaaeramua.
472 4312 485 4340 n
502 4295 605 4358 (iligna,
620 4294 693 4358 ibid.)
