3006 5050
275 464 318 513 tat
364 461 566 514 ANASTASH
587 459 776 510 lactarunt
798 458 845 509 EX
866 458 1065 509 aristonis
1086 458 1242 508 niceta}
1266 459 1275 506 Ι

273 604 337 673 bns
354 573 578 690 consideratis,
592 603 620 670 si
632 603 707 690 quis
720 602 855 689 negabit
867 602 921 669 bic
934 601 986 688 agi
999 600 1175 669 decretales
1191 599 1340 670 Pseudo·

273 719 487 805 lsldort'anas,
512 717 722 806 desperanda
739 718 801 785 erit
821 717 892 804 ipsa
912 715 1085 785 evidentia.

318 833 384 902 Sed
406 834 497 921 prius
514 833 595 902 illud
616 853 735 901 renovo
756 832 844 920 quod
865 852 963 919 supra
989 831 1094 918 attigi,
1118 830 1336 898 Hincmarum

273 949 419 1036 aliosque
447 948 611 1035 episcopos
631 945 742 1016 Galllae
769 967 836 1015 non
863 946 951 1016 idem
978 945 1019 1014 de
1046 945 1201 1013 omnibus
1222 945 1339 1013 deere-

272 1178 396 1265 rigere,
422 1178 500 1247 alias
523 1198 594 1247 esse
620 1177 802 1266 obsoletas3
828 1196 866 1247 er
890 1197 969 1266 quo,
987 1177 1068 1245 dum
1089 1198 1144 1246 ens
1165 1177 1341 1265 rejicerent

274 1314 348 1383 quae
377 1314 490 1362 causas
523 1293 718 1382 episcopales
738 1293 887 1362 Romano
908 1293 1052 1381 pontifici
1080 1293 1285 1379 tribuebant,
1304 1293 1337 1359 in

271 1408 347 1476 aliis
361 1408 472 1495 rebus,
488 1429 525 1477 er
539 1411 600 1477 boc
616 1407 704 1477 fonte
718 1407 840 1496 aliquid
854 1407 985 1476 haurire
1000 1429 1067 1476 non
1079 1407 1290 1490 dubitabant,
1302 1415 1340 1474 ut

275 1523 487 1610 Hincmarus,
504 1522 563 1610 qui
585 1523 621 1590 in
645 1524 714 1592 suis
730 1523 898 1614 Capitulis
918 1525 1042 1592 incerto
1061 1522 1194 1610 quidem
1212 1543 1301 1590 anno
1314 1523 1336 1610 ¹,

277 1639 346 1725 sed,
372 1647 532 1726 quantum
557 1641 618 1706 boc
644 1639 719 1707 lieet
741 1637 915 1728 conjicere,
935 1649 1010 1707 ante
1028 1659 1154 1706 annum
1180 1639 1244 1706 856
1268 1637 1339 1705 edi-

275 1754 318 1822 tis
328 1753 354 1841 ²,
365 1755 567 1823 mentionem
580 1755 622 1822 de
633 1753 909 1824 Pseudo-Callisto
924 1753 1043 1822 iecerat
1052 1752 1077 1841 ³,
1090 1763 1128 1821 ut
1143 1765 1250 1842 patres
1264 1772 1341 1820 con·

270 1868 343 1937 ¹cilii
368 1869 597 1938 Curisiacensis
619 1888 707 1937 anno
729 1871 793 1937 857
818 1868 938 1955 babiti,
965 1868 1024 1955 qni
1048 1867 1145 1937 falsas
1165 1868 1341 1937 decretales

278 1988 479 2072 protulerant
500 1985 661 2073 Anacleti,
686 1984 812 2054 Urbani
835 1995 868 2053 et
889 1983 1023 2071 Lucii⁴,
1044 1995 1081 2052 ut
1099 2004 1215 2052 rursus
1238 1984 1343 2052 Hinc·

277 2121 402 2186 marus,
419 2102 489 2189 qui,
509 2101 595 2171 inter
615 2121 719 2169 annos
733 2102 797 2170 860
816 2116 849 2170 et
869 2102 947 2187 863,
968 2099 1008 2168 dc
1028 2099 1168 2168 divortio
1192 2100 1345 2168 Lotlturia‘

278 2229 310 2284 ct
334 2216 496 2306 Tctberqae
518 2217 677 2304 scribens,
702 2216 830 2284 adrem
852 2237 945 2283 suam
963 2216 1177 2304 appellaverat
1194 2215 1345 2284 Pseudo·

278 2331 485 2418 Evarlstnm,
528 2330 932 2420 Pseudo-Alexandrum,
978 2332 1342 2415 Pseudo-Fabianum,

279 2445 625 2536 Pseudo-Cornelium,
641 2446 939 2533 Pseudo-Felicem,
957 2446 1301 2534 Pseudo-Gregorium
1316 2447 1342 2516 ⁵.

324 2561 460 2650 ltaque,
491 2561 519 2629 si
547 2583 658 2632 revera
686 2563 721 2629 in
755 2583 791 2631 ea
825 2562 949 2631 Nicolai
982 2563 1115 2650 epistola
1150 2585 1251 2651 quam
1283 2585 1344 2632 nos

280 2687 465 2746 scrutamur
487 2677 526 2746 lis
550 2688 619 2747 erat
642 2679 683 2746 de
707 2678 777 2746 istis
799 2677 1141 2763 Pseudolsidorianis,
1168 2699 1243 2765 quae
1272 2687 1344 2744 tum

281 2794 491 2883 antiquorum
514 2814 672 2881 paparum
696 2794 829 2860 nomine
849 2814 907 2880 per
933 2791 1053 2861 Gallias
1082 2803 1176 2862 erant
1198 2795 1344 2879 vulgata,

278 2929 418 2995 queque
434 2908 495 2996 ipsi
511 2905 594 2974 Galli
610 2927 767 2994 usurpare
782 2906 942 2992 solebant,
958 2907 1143 2992 Anastasio,
1156 2907 1346 2974 acutissimo

283 3023 351 3090 viro
366 3032 464 3108 atque
476 3024 511 3090 in
525 3024 586 3091 boo
598 3041 720 3105 genere
734 3022 922 3111 disputandi
943 3021 1153 3111 peritissimo,
1169 3022 1262 3092 facile
1276 3033 1347 3091 crat

282 3137 499 3204 lllncmarum
509 3137 652 3225 aliosque
664 3139 829 3226 episcopos
839 3138 1257 3225 exagitare,argnmentum
1265 3138 1346 3207 illud

282 3251 1208 3341 instituendoquodvocantodbominem,eosenipsorum
1217 3254 1346 3342 scriptis

283 3367 483 3435 ostendendo
505 3388 615 3436 secum
638 3389 810 3458 pugnare,
839 3368 1036 3457 easdemque
1056 3369 1264 3437 auctoritates
1286 3389 1344 3457 pro

316 3605 339 3653 l.
356 3601 388 3654 V.
402 3601 429 3652 C.
445 3615 490 3650 von
503 3599 624 3664 Nocrden,
638 3601 774 3666 Hinkmur,
787 3617 812 3666 p.
825 3587 881 3666 lli,
896 3605 951 3653 llll.

315 3683 340 3732 2.
358 3682 389 3731 V.
405 3680 515 3744 Sebrdrs,
530 3679 665 3740 benemar,
679 3695 704 3744 p.
716 3683 770 3742 459,
787 3696 812 3731 n.
826 3683 849 3732 8.

315 3764 340 3813 3.
358 3763 389 3813 v.
409 3761 530 3812 llinemari
546 3759 668 3825 Cupitula
679 3761 811 3824 synodico,
826 3763 918 3824 Migno,
931 3766 950 3810 t.
966 3761 1064 3824 CXXV,
1079 3775 1104 3824 p.
1119 3763 1163 3812 191
1177 3763 1207 3810 Α.

315 3845 340 3893 i.
358 3844 390 3892 V.
404 3844 468 3894 Actu
485 3841 579 3905 spondi
596 3839 666 3905 opud
681 3840 841 3893 conanum
856 3841 949 3891 bobitoe
965 3842 1057 3905 (Perta,
1072 3842 1157 3906 tepeo,
1172 3847 1192 3891 t.
1206 3843 1226 3902 l,
1244 3855 1270 3903 p.
1281 3841 1346 3902 tta).

315 3925 340 3972 5.
357 3922 441 3985 idest,
457 3919 665 3974 Pseudo-Eraristl
677 3934 699 3970 c.
715 3932 735 3970 11
755 3921 857 3985 (iligna,
867 3923 897 3972 Ρ.
909 3922 949 3985 1..,
960 3927 980 3972 t.
990 3922 1088 3982 CXXV,
1103 3923 1197 3984 pate:
1211 3919 1347 3981 directius,

287 4016 312 4065 p.
326 4003 377 4064 et),
392 4001 623 4054 Pseudo-Alexandri
647 4016 670 4050 c.
685 4012 724 4050 vn
747 4000 854 4064 (iligna,
869 4001 938 4065 ibid,
960 4015 984 4066 p.
1004 4003 1065 4060 6823
1089 3999 1227 4064 llluscbius,
1250 4015 1273 4064 p.
1290 4002 1345 4061 97),

286 4081 499 4134 Pseudo-Fabianii
515 4098 537 4136 e.
552 4095 610 4134 1111
627 4081 728 4146 (bigne,
743 4096 768 4146 p.
783 4082 841 4144 68⁰3
865 4081 1003 4144 Hinscbiua,
1017 4095 1042 4145 p.
1058 4083 1123 4144 tut),
1137 4079 1346 4131 Pseudofiomslii

287 4175 309 4211 c.
332 4173 359 4212 vt
381 4161 486 4225 (iligna,
510 4178 535 4229 p.
556 4167 616 4218 681:
639 4162 776 4225 Hinsebina,
801 4176 825 4225 p.
847 4162 922 4225 lii),
946 4159 1136 4212 Pseudo-Felicis
1151 4163 1159 4210 l
1177 4175 1200 4214 c.
1214 4172 1231 4209 v
1245 4159 1346 4222 (uisas.

287 4253 314 4305 p.
329 4242 389 4297 6813
409 4241 535 4292 llinscbius
563 4258 588 4307 p.
609 4243 677 4307 198),
695 4241 909 4303 Pseudo-Gregorii
927 4242 1010 4306 Epist.
1026 4239 1063 4290 ud
1077 4240 1152 4290 Felt'c.
1169 4240 1221 4310 Sic.
1239 4237 1345 4304 (teigne,

288 4333 313 4384 p.
330 4321 386 4382 uel,
400 4321 459 4372 lbi:
476 4321 615 4386 liinacbiua,
632 4339 657 4390 p.
673 4323 737 4387 tta).
