<?xml version="1.0" encoding="UTF-8"?>
<!DOCTYPE html PUBLIC "-//W3C//DTD XHTML 1.0 Transitional//EN"
    "http://www.w3.org/TR/xhtml1/DTD/xhtml1-transitional.dtd">
<html xmlns="http://www.w3.org/1999/xhtml" xml:lang="en" lang="en">
 <head>
  <title>
</title>
<meta http-equiv="Content-Type" content="text/html;charset=utf-8" />
  <meta name='ocr-system' content='tesseract 3.04.00' />
  <meta name='ocr-capabilities' content='ocr_page ocr_carea ocr_par ocr_line ocrx_word'/>
</head>
<body>
  <div class='ocr_page' id='page_1' title='image "./deanastasiobibl00lapgoog_0165.png"; bbox 0 0 3006 5050; ppageno 0'>
   <div class='ocr_carea' id='block_1_1' title="bbox 264 431 1262 492">
    <p class='ocr_par' dir='ltr' id='par_1_1' title="bbox 264 431 1262 492">
     <span class='ocr_line' id='line_1_1' title="bbox 264 431 1262 492; baseline -0.008 -1"><span class='ocrx_word' id='word_1_1' title='bbox 264 431 307 492; x_wconf 70' lang='lat'><strong>152</strong></span> <span class='ocrx_word' id='word_1_2' title='bbox 354 437 554 491; x_wconf 72' lang='lat' dir='ltr'><strong>anastasii</strong></span> <span class='ocrx_word' id='word_1_3' title='bbox 574 437 765 487; x_wconf 74' lang='lat' dir='ltr'><strong>inueniunt</strong></span> <span class='ocrx_word' id='word_1_4' title='bbox 782 436 827 485; x_wconf 79' lang='lat' dir='ltr'><strong>EX</strong></span> <span class='ocrx_word' id='word_1_5' title='bbox 849 433 1048 485; x_wconf 78' lang='lat' dir='ltr'>EPISTOLIS</span> <span class='ocrx_word' id='word_1_6' title='bbox 1071 434 1227 483; x_wconf 77' lang='lat' dir='ltr'><strong>nicona}</strong></span> <span class='ocrx_word' id='word_1_7' title='bbox 1250 434 1262 483; x_wconf 91' lang='lat'>1</span> 
     </span>
    </p>
   </div>
   <div class='ocr_carea' id='block_1_2' title="bbox 260 568 1330 2740">
    <p class='ocr_par' dir='ltr' id='par_1_2' title="bbox 260 568 1330 1936">
     <span class='ocr_line' id='line_1_2' title="bbox 261 568 1330 669; baseline -0.008 -17"><span class='ocrx_word' id='word_1_8' title='bbox 261 587 425 669; x_wconf 82' lang='lat' dir='ltr'><strong>hauserat,</strong></span> <span class='ocrx_word' id='word_1_9' title='bbox 445 568 569 650; x_wconf 52' lang='lat' dir='ltr'><strong>&#39;sedita</strong></span> <span class='ocrx_word' id='word_1_10' title='bbox 589 579 628 648; x_wconf 92' lang='lat' dir='ltr'><strong>ad</strong></span> <span class='ocrx_word' id='word_1_11' title='bbox 647 598 824 647; x_wconf 89' lang='lat' dir='ltr'><strong>remsuam</strong></span> <span class='ocrx_word' id='word_1_12' title='bbox 840 577 1137 645; x_wconf 81' lang='lat' dir='ltr'><strong>accommodaverat</strong></span> <span class='ocrx_word' id='word_1_13' title='bbox 1148 596 1186 643; x_wconf 91' lang='lat' dir='ltr'><strong>ac</strong></span> <span class='ocrx_word' id='word_1_14' title='bbox 1204 576 1330 644; x_wconf 84' lang='lat' dir='ltr'><strong>talibus</strong></span> 
     </span>
     <span class='ocr_line' id='line_1_3' title="bbox 262 689 1329 784; baseline -0.007 -18"><span class='ocrx_word' id='word_1_15' title='bbox 262 699 368 767; x_wconf 88' lang='lat' dir='ltr'><strong>verbis</strong></span> <span class='ocrx_word' id='word_1_16' title='bbox 380 696 603 784; x_wconf 80' lang='lat' dir='ltr'><strong>explicaverat,</strong></span> <span class='ocrx_word' id='word_1_17' title='bbox 611 703 650 762; x_wconf 92' lang='lat' dir='ltr'><strong>ut</strong></span> <span class='ocrx_word' id='word_1_18' title='bbox 660 693 687 762; x_wconf 93' lang='lat' dir='ltr'><strong>si</strong></span> <span class='ocrx_word' id='word_1_19' title='bbox 697 694 828 782; x_wconf 87' lang='lat' dir='ltr'><strong>quando</strong></span> <span class='ocrx_word' id='word_1_20' title='bbox 834 693 982 781; x_wconf 89' lang='lat' dir='ltr'><strong>proprias</strong></span> <span class='ocrx_word' id='word_1_21' title='bbox 991 691 1062 780; x_wconf 87' lang='lat' dir='ltr'><strong>ejus</strong></span> <span class='ocrx_word' id='word_1_22' title='bbox 1073 689 1228 758; x_wconf 81' lang='lat' dir='ltr'><strong>formulas</strong></span> <span class='ocrx_word' id='word_1_23' title='bbox 1239 690 1329 758; x_wconf 87' lang='lat' dir='ltr'><strong>alius</strong></span> 
     </span>
     <span class='ocr_line' id='line_1_4' title="bbox 262 805 1330 898; baseline -0.007 -18"><span class='ocrx_word' id='word_1_24' title='bbox 262 822 374 881; x_wconf 84' lang='lat' dir='ltr'>auctor</span> <span class='ocrx_word' id='word_1_25' title='bbox 392 811 616 898; x_wconf 77' lang='lat' dir='ltr'>assumpserit,</span> <span class='ocrx_word' id='word_1_26' title='bbox 638 809 671 876; x_wconf 96' lang='lat' dir='ltr'><strong>id</strong></span> <span class='ocrx_word' id='word_1_27' title='bbox 691 830 791 897; x_wconf 87' lang='lat' dir='ltr'><strong>quam</strong></span> <span class='ocrx_word' id='word_1_28' title='bbox 811 807 962 893; x_wconf 73' lang='lat' dir='ltr'>facillime</span> <span class='ocrx_word' id='word_1_29' title='bbox 979 807 1156 875; x_wconf 79' lang='lat' dir='ltr'><strong>discernas.</strong></span> <span class='ocrx_word' id='word_1_30' title='bbox 1173 805 1268 892; x_wconf 89' lang='lat' dir='ltr'><strong>Nam,</strong></span> <span class='ocrx_word' id='word_1_31' title='bbox 1286 816 1330 873; x_wconf 88' lang='lat' dir='ltr'><strong>ut</strong></span> 
     </span>
     <span class='ocr_line' id='line_1_5' title="bbox 261 904 1328 1014; baseline -0.007 -17"><span class='ocrx_word' id='word_1_32' title='bbox 261 936 367 997; x_wconf 88' lang='lat' dir='ltr'><strong>cetera</strong></span> <span class='ocrx_word' id='word_1_33' title='bbox 386 925 548 1014; x_wconf 85' lang='lat' dir='ltr'><strong>omittam,</strong></span> <span class='ocrx_word' id='word_1_34' title='bbox 572 904 872 1010; x_wconf 82' lang='lat' dir='ltr'><strong>Pseudo-Isidorus,</strong></span> <span class='ocrx_word' id='word_1_35' title='bbox 896 943 973 991; x_wconf 91' lang='lat' dir='ltr'><strong>cum</strong></span> <span class='ocrx_word' id='word_1_36' title='bbox 992 925 1080 1014; x_wconf 88' lang='lat' dir='ltr'><strong>hanc</strong></span> <span class='ocrx_word' id='word_1_37' title='bbox 1104 941 1174 989; x_wconf 91' lang='lat' dir='ltr'><strong>rem</strong></span> <span class='ocrx_word' id='word_1_38' title='bbox 1195 921 1229 987; x_wconf 94' lang='lat' dir='ltr'><strong>in</strong></span> <span class='ocrx_word' id='word_1_39' title='bbox 1255 922 1328 989; x_wconf 87' lang='lat' dir='ltr'><strong>suis</strong></span> 
     </span>
     <span class='ocr_line' id='line_1_6' title="bbox 261 1031 1327 1129; baseline -0.008 -19"><span class='ocrx_word' id='word_1_40' title='bbox 261 1031 475 1128; x_wconf 84' lang='lat' dir='ltr'><strong>decretalibus</strong></span> <span class='ocrx_word' id='word_1_41' title='bbox 490 1049 616 1129; x_wconf 85' lang='lat' dir='ltr'><strong>tractat,</strong></span> <span class='ocrx_word' id='word_1_42' title='bbox 628 1040 814 1128; x_wconf 91' lang='lat' dir='ltr'><strong>episcopum</strong></span> <span class='ocrx_word' id='word_1_43' title='bbox 826 1060 843 1106; x_wconf 89' lang='lat' dir='ltr'><strong>a</strong></span> <span class='ocrx_word' id='word_1_44' title='bbox 853 1037 929 1106; x_wconf 90' lang='lat' dir='ltr'><strong>sede</strong></span> <span class='ocrx_word' id='word_1_45' title='bbox 939 1058 997 1108; x_wconf 90' lang='lat' dir='ltr'><strong>sua</strong></span> <span class='ocrx_word' id='word_1_46' title='bbox 1009 1046 1155 1108; x_wconf 90' lang='lat' dir='ltr'><strong>amotum</strong></span> <span class='ocrx_word' id='word_1_47' title='bbox 1165 1037 1327 1104; x_wconf 87' lang='lat' dir='ltr'><strong>soletviro</strong></span> 
     </span>
     <span class='ocr_line' id='line_1_7' title="bbox 261 1151 1328 1243; baseline -0.005 -19"><span class='ocrx_word' id='word_1_48' title='bbox 261 1166 380 1242; x_wconf 83' lang='lat' dir='ltr'><strong>aegroto</strong></span> <span class='ocrx_word' id='word_1_49' title='bbox 391 1165 423 1224; x_wconf 89' lang='lat' dir='ltr'><strong>et</strong></span> <span class='ocrx_word' id='word_1_50' title='bbox 432 1157 540 1223; x_wconf 90' lang='lat' dir='ltr'><strong>saucio</strong></span> <span class='ocrx_word' id='word_1_51' title='bbox 552 1155 763 1243; x_wconf 71' lang='lat' dir='ltr'><strong>aequiparare,</strong></span> <span class='ocrx_word' id='word_1_52' title='bbox 775 1154 828 1222; x_wconf 93' lang='lat' dir='ltr'><strong>cui</strong></span> <span class='ocrx_word' id='word_1_53' title='bbox 838 1173 968 1222; x_wconf 89' lang='lat' dir='ltr'><strong>necesse</strong></span> <span class='ocrx_word' id='word_1_54' title='bbox 980 1163 1040 1236; x_wconf 90' lang='lat' dir='ltr'><strong>est,</strong></span> <span class='ocrx_word' id='word_1_55' title='bbox 1051 1163 1224 1240; x_wconf 80' lang='lat' dir='ltr'><strong>antequam</strong></span> <span class='ocrx_word' id='word_1_56' title='bbox 1234 1151 1328 1220; x_wconf 88' lang='lat' dir='ltr'><strong>labo-</strong></span> 
     </span>
     <span class='ocr_line' id='line_1_8' title="bbox 262 1268 1327 1358; baseline -0.005 -20"><span class='ocrx_word' id='word_1_57' title='bbox 262 1292 332 1340; x_wconf 88' lang='lat' dir='ltr'><strong>rem</strong></span> <span class='ocrx_word' id='word_1_58' title='bbox 342 1284 456 1339; x_wconf 83' lang='lat' dir='ltr'><strong>rursus</strong></span> <span class='ocrx_word' id='word_1_59' title='bbox 469 1271 639 1358; x_wconf 88' lang='lat' dir='ltr'><strong>sustineat,</strong></span> <span class='ocrx_word' id='word_1_60' title='bbox 652 1290 688 1339; x_wconf 85' lang='lat' dir='ltr'><strong>cx</strong></span> <span class='ocrx_word' id='word_1_61' title='bbox 700 1270 814 1338; x_wconf 90' lang='lat' dir='ltr'><strong>morbo</strong></span> <span class='ocrx_word' id='word_1_62' title='bbox 826 1271 1058 1356; x_wconf 86' lang='lat' dir='ltr'><strong>convalescere,</strong></span> <span class='ocrx_word' id='word_1_63' title='bbox 1070 1277 1128 1336; x_wconf 90' lang='lat' dir='ltr'><strong>aut</strong></span> <span class='ocrx_word' id='word_1_64' title='bbox 1137 1268 1234 1338; x_wconf 88' lang='lat' dir='ltr'><strong>etiam</strong></span> <span class='ocrx_word' id='word_1_65' title='bbox 1246 1289 1327 1337; x_wconf 90' lang='lat' dir='ltr'><strong>con-</strong></span> 
     </span>
     <span class='ocr_line' id='line_1_9' title="bbox 261 1384 1322 1486; baseline -0.003 -32"><span class='ocrx_word' id='word_1_66' title='bbox 261 1387 323 1456; x_wconf 83' lang='lat' dir='ltr'><strong>fert</strong></span> <span class='ocrx_word' id='word_1_67' title='bbox 335 1387 428 1486; x_wconf 84' lang='lat' dir='ltr'><strong>illum</strong></span> <span class='ocrx_word' id='word_1_68' title='bbox 441 1387 595 1484; x_wconf 89' lang='lat' dir='ltr'><strong>eumdem</strong></span> <span class='ocrx_word' id='word_1_69' title='bbox 603 1386 702 1455; x_wconf 92' lang='lat' dir='ltr'><strong>militi</strong></span> <span class='ocrx_word' id='word_1_70' title='bbox 713 1387 833 1456; x_wconf 88' lang='lat' dir='ltr'><strong>inermi</strong></span> <span class='ocrx_word' id='word_1_71' title='bbox 848 1395 946 1474; x_wconf 89' lang='lat' dir='ltr'><strong>atque</strong></span> <span class='ocrx_word' id='word_1_72' title='bbox 956 1385 1046 1453; x_wconf 93' lang='lat' dir='ltr'><strong>omni</strong></span> <span class='ocrx_word' id='word_1_73' title='bbox 1061 1385 1151 1453; x_wconf 92' lang='lat' dir='ltr'><strong>nudo</strong></span> <span class='ocrx_word' id='word_1_74' title='bbox 1161 1384 1322 1472; x_wconf 82' lang='lat' dir='ltr'><strong>praesidio,</strong></span> 
     </span>
     <span class='ocr_line' id='line_1_10' title="bbox 261 1479 1323 1596; baseline -0.002 -28"><span class='ocrx_word' id='word_1_75' title='bbox 261 1503 330 1590; x_wconf 87' lang='lat' dir='ltr'><strong>qni,</strong></span> <span class='ocrx_word' id='word_1_76' title='bbox 344 1501 408 1569; x_wconf 91' lang='lat' dir='ltr'><strong>nisi</strong></span> <span class='ocrx_word' id='word_1_77' title='bbox 418 1502 509 1589; x_wconf 89' lang='lat' dir='ltr'><strong>prius</strong></span> <span class='ocrx_word' id='word_1_78' title='bbox 520 1479 624 1584; x_wconf 88' lang='lat' dir='ltr'><strong>arma,</strong></span> <span class='ocrx_word' id='word_1_79' title='bbox 637 1501 775 1596; x_wconf 84' lang='lat' dir='ltr'><strong>amicos,</strong></span> <span class='ocrx_word' id='word_1_80' title='bbox 783 1522 834 1570; x_wconf 91' lang='lat' dir='ltr'><strong>res</strong></span> <span class='ocrx_word' id='word_1_81' title='bbox 849 1523 924 1569; x_wconf 88' lang='lat' dir='ltr'><strong>snas</strong></span> <span class='ocrx_word' id='word_1_82' title='bbox 938 1521 1051 1568; x_wconf 90' lang='lat' dir='ltr'><strong>omnes</strong></span> <span class='ocrx_word' id='word_1_83' title='bbox 1064 1501 1235 1587; x_wconf 83' lang='lat' dir='ltr'><strong>receperit,</strong></span> <span class='ocrx_word' id='word_1_84' title='bbox 1248 1520 1323 1567; x_wconf 92' lang='lat' dir='ltr'><strong>cum</strong></span> 
     </span>
     <span class='ocr_line' id='line_1_11' title="bbox 260 1616 1323 1706; baseline 0.001 -23"><span class='ocrx_word' id='word_1_85' title='bbox 260 1619 353 1687; x_wconf 90' lang='lat' dir='ltr'><strong>hoste</strong></span> <span class='ocrx_word' id='word_1_86' title='bbox 367 1616 530 1684; x_wconf 84' lang='lat' dir='ltr'><strong>decertare</strong></span> <span class='ocrx_word' id='word_1_87' title='bbox 545 1637 636 1704; x_wconf 80' lang='lat' dir='ltr'><strong>aequo</strong></span> <span class='ocrx_word' id='word_1_88' title='bbox 650 1627 754 1694; x_wconf 83' lang='lat' dir='ltr'><strong>marte</strong></span> <span class='ocrx_word' id='word_1_89' title='bbox 767 1627 920 1706; x_wconf 87' lang='lat' dir='ltr'><strong>nequeat.</strong></span> <span class='ocrx_word' id='word_1_90' title='bbox 933 1617 1094 1704; x_wconf 87' lang='lat' dir='ltr'><strong>Denique,</strong></span> <span class='ocrx_word' id='word_1_91' title='bbox 1111 1618 1213 1684; x_wconf 88' lang='lat' dir='ltr'><strong>finem</strong></span> <span class='ocrx_word' id='word_1_92' title='bbox 1224 1616 1323 1684; x_wconf 91' lang='lat' dir='ltr'><strong>disse·</strong></span> 
     </span>
     <span class='ocr_line' id='line_1_12' title="bbox 261 1730 1322 1820; baseline -0.002 -21"><span class='ocrx_word' id='word_1_93' title='bbox 261 1731 353 1799; x_wconf 89' lang='lat' dir='ltr'><strong>rendi</strong></span> <span class='ocrx_word' id='word_1_94' title='bbox 365 1730 498 1817; x_wconf 88' lang='lat' dir='ltr'><strong>faciens,</strong></span> <span class='ocrx_word' id='word_1_95' title='bbox 511 1733 597 1818; x_wconf 80' lang='lat' dir='ltr'><strong>leges</strong></span> <span class='ocrx_word' id='word_1_96' title='bbox 609 1732 717 1800; x_wconf 90' lang='lat' dir='ltr'><strong>civiles</strong></span> <span class='ocrx_word' id='word_1_97' title='bbox 729 1733 911 1802; x_wconf 80' lang='lat' dir='ltr'><strong>obtestatur</strong></span> <span class='ocrx_word' id='word_1_98' title='bbox 920 1742 1017 1820; x_wconf 87' lang='lat' dir='ltr'><strong>atque</strong></span> <span class='ocrx_word' id='word_1_99' title='bbox 1031 1733 1075 1800; x_wconf 89' lang='lat' dir='ltr'><strong>ita</strong></span> <span class='ocrx_word' id='word_1_100' title='bbox 1091 1742 1322 1819; x_wconf 85' lang='lat' dir='ltr'><strong>argumentum</strong></span> 
     </span>
     <span class='ocr_line' id='line_1_13' title="bbox 261 1846 1191 1936; baseline -0.006 -17"><span class='ocrx_word' id='word_1_101' title='bbox 261 1869 279 1919; x_wconf 87' lang='lat' dir='ltr'><strong>a</strong></span> <span class='ocrx_word' id='word_1_102' title='bbox 293 1846 416 1918; x_wconf 84' lang='lat' dir='ltr'><strong>fortiori</strong></span> <span class='ocrx_word' id='word_1_103' title='bbox 433 1857 600 1934; x_wconf 89' lang='lat' dir='ltr'><strong>sumptum</strong></span> <span class='ocrx_word' id='word_1_104' title='bbox 614 1867 673 1936; x_wconf 90' lang='lat' dir='ltr'><strong>pro</strong></span> <span class='ocrx_word' id='word_1_105' title='bbox 687 1847 786 1917; x_wconf 89' lang='lat' dir='ltr'><strong>rebus</strong></span> <span class='ocrx_word' id='word_1_106' title='bbox 800 1847 1023 1916; x_wconf 88' lang='lat' dir='ltr'><strong>ecclesiasticis</strong></span> <span class='ocrx_word' id='word_1_107' title='bbox 1038 1847 1191 1915; x_wconf 89' lang='lat' dir='ltr'><strong>vindicat.</strong></span> 
     </span>
    </p>

    <p class='ocr_par' dir='ltr' id='par_1_3' title="bbox 260 1960 1326 2740">
     <span class='ocr_line' id='line_1_14' title="bbox 305 1960 1320 2048; baseline -0.002 -19"><span class='ocrx_word' id='word_1_108' title='bbox 305 1960 391 2042; x_wconf 87' lang='lat' dir='ltr'><strong>Quid</strong></span> <span class='ocrx_word' id='word_1_109' title='bbox 414 1961 515 2048; x_wconf 84' lang='lat' dir='ltr'><strong>igitur</strong></span> <span class='ocrx_word' id='word_1_110' title='bbox 538 1962 574 2028; x_wconf 95' lang='lat' dir='ltr'><strong>in</strong></span> <span class='ocrx_word' id='word_1_111' title='bbox 598 1962 658 2030; x_wconf 90' lang='lat' dir='ltr'><strong>hac</strong></span> <span class='ocrx_word' id='word_1_112' title='bbox 681 1982 715 2030; x_wconf 89' lang='lat' dir='ltr'><strong>re</strong></span> <span class='ocrx_word' id='word_1_113' title='bbox 730 1961 952 2030; x_wconf 79' lang='lat' dir='ltr'><strong>Anastasius?</strong></span> <span class='ocrx_word' id='word_1_114' title='bbox 969 1960 1214 2030; x_wconf 86' lang='lat' dir='ltr'><strong>Institutionem</strong></span> <span class='ocrx_word' id='word_1_115' title='bbox 1232 1962 1320 2028; x_wconf 88' lang='lat' dir='ltr'><strong>illam</strong></span> 
     </span>
     <span class='ocr_line' id='line_1_15' title="bbox 262 2075 1325 2166; baseline -0.001 -23"><span class='ocrx_word' id='word_1_116' title='bbox 262 2075 302 2144; x_wconf 85' lang='lat' dir='ltr'><strong>de</strong></span> <span class='ocrx_word' id='word_1_117' title='bbox 328 2075 516 2166; x_wconf 73' lang='lat' dir='ltr'><strong>exceptione</strong></span> <span class='ocrx_word' id='word_1_118' title='bbox 539 2075 649 2166; x_wconf 83' lang='lat' dir='ltr'><strong>spolii,</strong></span> <span class='ocrx_word' id='word_1_119' title='bbox 678 2097 776 2165; x_wconf 89' lang='lat' dir='ltr'><strong>qnam</strong></span> <span class='ocrx_word' id='word_1_120' title='bbox 802 2087 897 2146; x_wconf 87' lang='lat' dir='ltr'><strong>antea</strong></span> <span class='ocrx_word' id='word_1_121' title='bbox 911 2077 1040 2146; x_wconf 89' lang='lat' dir='ltr'><strong>silentio</strong></span> <span class='ocrx_word' id='word_1_122' title='bbox 1060 2077 1274 2166; x_wconf 72' lang='lat' dir='ltr'><strong>preterierant,</strong></span> <span class='ocrx_word' id='word_1_123' title='bbox 1290 2076 1325 2142; x_wconf 93' lang='lat' dir='ltr'><strong>in</strong></span> 
     </span>
     <span class='ocr_line' id='line_1_16' title="bbox 261 2189 1326 2280; baseline -0.006 -20"><span class='ocrx_word' id='word_1_124' title='bbox 261 2192 403 2279; x_wconf 90' lang='lat' dir='ltr'><strong>epistolis</strong></span> <span class='ocrx_word' id='word_1_125' title='bbox 416 2192 456 2260; x_wconf 88' lang='lat' dir='ltr'><strong>ab</strong></span> <span class='ocrx_word' id='word_1_126' title='bbox 471 2193 633 2259; x_wconf 77' lang='lat' dir='ltr'><strong>ennodii</strong></span> <span class='ocrx_word' id='word_1_127' title='bbox 648 2201 784 2260; x_wconf 75' lang='lat' dir='ltr'><strong>exeunte</strong></span> <span class='ocrx_word' id='word_1_128' title='bbox 804 2192 931 2280; x_wconf 90' lang='lat' dir='ltr'><strong>scriptis</strong></span> <span class='ocrx_word' id='word_1_129' title='bbox 945 2191 1122 2259; x_wconf 91' lang='lat' dir='ltr'><strong>minimum</strong></span> <span class='ocrx_word' id='word_1_130' title='bbox 1137 2189 1256 2276; x_wconf 89' lang='lat' dir='ltr'><strong>septies</strong></span> <span class='ocrx_word' id='word_1_131' title='bbox 1274 2209 1326 2256; x_wconf 85' lang='lat' dir='ltr'><strong>ex-</strong></span> 
     </span>
     <span class='ocr_line' id='line_1_17' title="bbox 261 2295 1326 2394; baseline -0.004 -20"><span class='ocrx_word' id='word_1_132' title='bbox 261 2307 379 2394; x_wconf 92' lang='lat' dir='ltr'><strong>hibuit,</strong></span> <span class='ocrx_word' id='word_1_133' title='bbox 397 2327 533 2394; x_wconf 89' lang='lat' dir='ltr'><strong>eamque</strong></span> <span class='ocrx_word' id='word_1_134' title='bbox 549 2306 666 2374; x_wconf 90' lang='lat' dir='ltr'><strong>iisdem</strong></span> <span class='ocrx_word' id='word_1_135' title='bbox 681 2327 764 2394; x_wconf 82' lang='lat' dir='ltr'><strong>saepe</strong></span> <span class='ocrx_word' id='word_1_136' title='bbox 782 2307 963 2375; x_wconf 85' lang='lat' dir='ltr'><strong>enuntiavit</strong></span> <span class='ocrx_word' id='word_1_137' title='bbox 978 2305 1083 2374; x_wconf 89' lang='lat' dir='ltr'><strong>verbis</strong></span> <span class='ocrx_word' id='word_1_138' title='bbox 1098 2326 1171 2393; x_wconf 85' lang='lat' dir='ltr'><strong>qnae</strong></span> <span class='ocrx_word' id='word_1_139' title='bbox 1182 2295 1326 2372; x_wconf 88' lang='lat' dir='ltr'><strong>Pseudo-</strong></span> 
     </span>
     <span class='ocr_line' id='line_1_18' title="bbox 260 2418 1325 2508; baseline -0.002 -22"><span class='ocrx_word' id='word_1_140' title='bbox 260 2420 404 2488; x_wconf 90' lang='lat' dir='ltr'><strong>Isidcrus</strong></span> <span class='ocrx_word' id='word_1_141' title='bbox 418 2420 598 2508; x_wconf 88' lang='lat' dir='ltr'><strong>invenerat,</strong></span> <span class='ocrx_word' id='word_1_142' title='bbox 613 2423 740 2490; x_wconf 89' lang='lat' dir='ltr'><strong>easdem</strong></span> <span class='ocrx_word' id='word_1_143' title='bbox 758 2422 988 2490; x_wconf 90' lang='lat' dir='ltr'><strong>similitudines</strong></span> <span class='ocrx_word' id='word_1_144' title='bbox 1010 2442 1028 2489; x_wconf 99' lang='lat' dir='ltr'><strong>a</strong></span> <span class='ocrx_word' id='word_1_145' title='bbox 1050 2422 1120 2488; x_wconf 91' lang='lat' dir='ltr'><strong>viro</strong></span> <span class='ocrx_word' id='word_1_146' title='bbox 1134 2429 1254 2506; x_wconf 86' lang='lat' dir='ltr'><strong>aegroto</strong></span> <span class='ocrx_word' id='word_1_147' title='bbox 1275 2418 1325 2485; x_wconf 89' lang='lat' dir='ltr'><strong>vel</strong></span> 
     </span>
     <span class='ocr_line' id='line_1_19' title="bbox 261 2535 1325 2624; baseline -0.001 -24"><span class='ocrx_word' id='word_1_148' title='bbox 261 2535 395 2602; x_wconf 88' lang='lat' dir='ltr'><strong>militari</strong></span> <span class='ocrx_word' id='word_1_149' title='bbox 420 2535 570 2624; x_wconf 87' lang='lat' dir='ltr'><strong>sumpsit,</strong></span> <span class='ocrx_word' id='word_1_150' title='bbox 598 2537 712 2604; x_wconf 91' lang='lat' dir='ltr'><strong>eodem</strong></span> <span class='ocrx_word' id='word_1_151' title='bbox 734 2546 927 2624; x_wconf 84' lang='lat' dir='ltr'><strong>argumento</strong></span> <span class='ocrx_word' id='word_1_152' title='bbox 951 2557 969 2604; x_wconf 91' lang='lat' dir='ltr'><strong>a</strong></span> <span class='ocrx_word' id='word_1_153' title='bbox 991 2535 1116 2603; x_wconf 88' lang='lat' dir='ltr'><strong>fortiori</strong></span> <span class='ocrx_word' id='word_1_154' title='bbox 1139 2535 1202 2603; x_wconf 92' lang='lat' dir='ltr'><strong>sub</strong></span> <span class='ocrx_word' id='word_1_155' title='bbox 1223 2535 1325 2601; x_wconf 88' lang='lat' dir='ltr'><strong>finem</strong></span> 
     </span>
     <span class='ocr_line' id='line_1_20' title="bbox 263 2650 1323 2740; baseline -0.004 -20"><span class='ocrx_word' id='word_1_156' title='bbox 263 2672 341 2722; x_wconf 93' lang='lat' dir='ltr'><strong>usus</strong></span> <span class='ocrx_word' id='word_1_157' title='bbox 368 2660 443 2740; x_wconf 81' lang='lat' dir='ltr'><strong>est3</strong></span> <span class='ocrx_word' id='word_1_158' title='bbox 476 2651 752 2738; x_wconf 88' lang='lat' dir='ltr'><strong>quemadmodum</strong></span> <span class='ocrx_word' id='word_1_159' title='bbox 780 2672 817 2718; x_wconf 84' lang='lat' dir='ltr'><strong>ex</strong></span> <span class='ocrx_word' id='word_1_160' title='bbox 843 2653 904 2725; x_wconf 88' lang='lat' dir='ltr'><strong>hac</strong></span> <span class='ocrx_word' id='word_1_161' title='bbox 930 2650 1172 2738; x_wconf 88' lang='lat' dir='ltr'><strong>comparatione</strong></span> <span class='ocrx_word' id='word_1_162' title='bbox 1199 2651 1323 2737; x_wconf 91' lang='lat' dir='ltr'><strong>liquet:</strong></span> 
     </span>
    </p>
   </div>
   <div class='ocr_carea' id='block_1_3' title="bbox 267 2897 1326 3111">
    <p class='ocr_par' dir='ltr' id='par_1_4' title="bbox 267 2897 1326 3111">
     <span class='ocr_line' id='line_1_21' title="bbox 267 2897 1258 3000; baseline -0.004 -8"><span class='ocrx_word' id='word_1_163' title='bbox 267 2897 388 2999; x_wconf 23' lang='lat' dir='ltr'><strong>erconu</strong></span> <span class='ocrx_word' id='word_1_164' title='bbox 407 2955 442 2993; x_wconf 75' lang='lat' dir='ltr'><strong>en</strong></span> <span class='ocrx_word' id='word_1_165' title='bbox 457 2939 619 3000; x_wconf 72' lang='lat' dir='ltr'><strong>Hrncuaauu</strong></span> <span class='ocrx_word' id='word_1_166' title='bbox 684 2935 978 3000; x_wconf 73' lang='lat' dir='ltr'><strong>estune-DAMAS!</strong></span> <span class='ocrx_word' id='word_1_167' title='bbox 1093 2936 1207 2990; x_wconf 79' lang='lat' dir='ltr'><strong>Niconn</strong></span> <span class='ocrx_word' id='word_1_168' title='bbox 1222 2950 1258 2989; x_wconf 78' lang='lat' dir='ltr'><strong>ar</strong></span> 
     </span>
     <span class='ocr_line' id='line_1_22' title="bbox 310 3025 1326 3111; baseline -0.003 -31"><span class='ocrx_word' id='word_1_169' title='bbox 310 3027 314 3036; x_wconf 85' lang='grc'><strong><em>’</em></strong></span> <span class='ocrx_word' id='word_1_170' title='bbox 377 3043 514 3082; x_wconf 77' lang='lat' dir='ltr'><strong>norsronn.</strong></span> <span class='ocrx_word' id='word_1_171' title='bbox 746 3041 917 3111; x_wconf 50' lang='lat' dir='ltr'><strong>ppCflETA&#39;</strong></span> <span class='ocrx_word' id='word_1_172' title='bbox 1027 3025 1326 3085; x_wconf 76' lang='lat' dir='ltr'><strong>Mrcnnnnnuretsrou</strong></span> 
     </span>
    </p>
   </div>
   <div class='ocr_carea' id='block_1_4' title="bbox 259 3137 1327 4272">
    <p class='ocr_par' dir='ltr' id='par_1_5' title="bbox 259 3137 1327 4272">
     <span class='ocr_line' id='line_1_23' title="bbox 294 3137 1325 3230; baseline -0.001 -38"><span class='ocrx_word' id='word_1_173' title='bbox 294 3140 488 3210; x_wconf 78' lang='lat' dir='ltr'><strong>Frequentius</strong></span> <span class='ocrx_word' id='word_1_174' title='bbox 507 3140 633 3202; x_wconf 87' lang='lat' dir='ltr'><strong>intimati</strong></span> <span class='ocrx_word' id='word_1_175' title='bbox 731 3191 745 3230; x_wconf 63' lang='lat' dir='ltr'><strong>e</strong></span> <span class='ocrx_word' id='word_1_176' title='bbox 786 3191 917 3230; x_wconf 43' lang='lat' dir='ltr'>XII-xm</span> <span class='ocrx_word' id='word_1_177' title='bbox 1062 3139 1138 3194; x_wconf 84' lang='lat' dir='ltr'><strong>Ante</strong></span> <span class='ocrx_word' id='word_1_178' title='bbox 1154 3137 1245 3193; x_wconf 87' lang='lat' dir='ltr'><strong>totius</strong></span> <span class='ocrx_word' id='word_1_179' title='bbox 1266 3137 1325 3192; x_wconf 84' lang='lat' dir='ltr'><strong>litis</strong></span> 
     </span>
     <span class='ocr_line' id='line_1_24' title="bbox 263 3213 1324 3298; baseline 0.001 -20"><span class='ocrx_word' id='word_1_180' title='bbox 263 3222 634 3294; x_wconf 85' lang='lat' dir='ltr'><strong>clericiquievidentissime</strong></span> <span class='ocrx_word' id='word_1_181' title='bbox 751 3215 757 3230; x_wconf 82' lang='lat'>&#39;</span> <span class='ocrx_word' id='word_1_182' title='bbox 920 3213 928 3230; x_wconf 77' lang='grc'><strong><em>’</em></strong></span> <span class='ocrx_word' id='word_1_183' title='bbox 1026 3227 1200 3296; x_wconf 88' lang='lat' dir='ltr'><strong>motionem,</strong></span> <span class='ocrx_word' id='word_1_184' title='bbox 1236 3231 1324 3298; x_wconf 82' lang='lat' dir='ltr'><strong>atque</strong></span> 
     </span>
     <span class='ocr_line' id='line_1_25' title="bbox 262 3312 1323 3388; baseline 0.008 -22"><span class='ocrx_word' id='word_1_185' title='bbox 262 3312 462 3383; x_wconf 83' lang='lat' dir='ltr'><strong>irregulariter</strong></span> <span class='ocrx_word' id='word_1_186' title='bbox 478 3313 519 3368; x_wconf 84' lang='lat' dir='ltr'><strong>&#39;ab</strong></span> <span class='ocrx_word' id='word_1_187' title='bbox 538 3315 633 3371; x_wconf 86' lang='lat' dir='ltr'><strong>officio</strong></span> <span class='ocrx_word' id='word_1_188' title='bbox 718 3315 842 3388; x_wconf 81' lang='lat' dir='ltr'><strong>Dejectio</strong></span> <span class='ocrx_word' id='word_1_189' title='bbox 856 3331 923 3370; x_wconf 90' lang='lat' dir='ltr'><strong>vero</strong></span> <span class='ocrx_word' id='word_1_190' title='bbox 937 3318 978 3371; x_wconf 88' lang='lat' dir='ltr'><strong>at·</strong></span> <span class='ocrx_word' id='word_1_191' title='bbox 1027 3314 1323 3376; x_wconf 86' lang='lat' dir='ltr'><strong>anteomnisiuitium</strong></span> 
     </span>
     <span class='ocr_line' id='line_1_26' title="bbox 262 3399 1324 3476; baseline 0.004 -22"><span class='ocrx_word' id='word_1_192' title='bbox 262 3399 406 3471; x_wconf 79' lang='lat' dir='ltr'><strong>graduum</strong></span> <span class='ocrx_word' id='word_1_193' title='bbox 427 3417 546 3456; x_wconf 91' lang='lat' dir='ltr'><strong>suorum</strong></span> <span class='ocrx_word' id='word_1_194' title='bbox 571 3420 632 3457; x_wconf 92' lang='lat' dir='ltr'><strong>sus·</strong></span> <span class='ocrx_word' id='word_1_195' title='bbox 683 3405 977 3476; x_wconf 82' lang='lat' dir='ltr'><strong>quesuisrehusexpo·</strong></span> <span class='ocrx_word' id='word_1_196' title='bbox 1026 3404 1249 3472; x_wconf 79' lang='lat' dir='ltr'><strong>controversiae,</strong></span> <span class='ocrx_word' id='word_1_197' title='bbox 1278 3421 1324 3458; x_wconf 83' lang='lat' dir='ltr'><strong>se·</strong></span> 
     </span>
     <span class='ocr_line' id='line_1_27' title="bbox 260 3488 1324 3563; baseline 0.002 -19"><span class='ocrx_word' id='word_1_198' title='bbox 260 3488 345 3561; x_wconf 91' lang='lat' dir='ltr'><strong>pensi</strong></span> <span class='ocrx_word' id='word_1_199' title='bbox 359 3489 445 3544; x_wconf 84' lang='lat' dir='ltr'><strong>inisse</strong></span> <span class='ocrx_word' id='word_1_200' title='bbox 464 3494 632 3558; x_wconf 86' lang='lat' dir='ltr'><strong>noscuntur,</strong></span> <span class='ocrx_word' id='word_1_201' title='bbox 682 3493 759 3548; x_wconf 80' lang='lat' dir='ltr'><strong>lictis</strong></span> <span class='ocrx_word' id='word_1_202' title='bbox 791 3492 864 3547; x_wconf 90' lang='lat' dir='ltr'><strong>nihil</strong></span> <span class='ocrx_word' id='word_1_203' title='bbox 897 3493 978 3547; x_wconf 85' lang='lat' dir='ltr'><strong>vobis</strong></span> <span class='ocrx_word' id='word_1_204' title='bbox 1027 3494 1095 3548; x_wconf 94' lang='lat' dir='ltr'><strong>dem</strong></span> <span class='ocrx_word' id='word_1_205' title='bbox 1124 3492 1150 3547; x_wconf 89' lang='lat' dir='ltr'><strong>ei</strong></span> <span class='ocrx_word' id='word_1_206' title='bbox 1177 3489 1324 3563; x_wconf 81' lang='lat' dir='ltr'><strong>(ignatio)</strong></span> 
     </span>
     <span class='ocr_line' id='line_1_28' title="bbox 261 3577 1326 3655; baseline 0.001 -22"><span class='ocrx_word' id='word_1_207' title='bbox 261 3581 291 3633; x_wconf 86' lang='lat' dir='ltr'><strong>et</strong></span> <span class='ocrx_word' id='word_1_208' title='bbox 310 3578 379 3634; x_wconf 92' lang='lat' dir='ltr'><strong>hinc</strong></span> <span class='ocrx_word' id='word_1_209' title='bbox 400 3578 500 3633; x_wconf 90' lang='lat' dir='ltr'><strong>sedem</strong></span> <span class='ocrx_word' id='word_1_210' title='bbox 520 3582 634 3651; x_wconf 92' lang='lat' dir='ltr'><strong>aposto·</strong></span> <span class='ocrx_word' id='word_1_211' title='bbox 683 3581 775 3636; x_wconf 87' lang='lat' dir='ltr'><strong>verius</strong></span> <span class='ocrx_word' id='word_1_212' title='bbox 813 3581 977 3652; x_wconf 82' lang='lat' dir='ltr'><strong>significare</strong></span> <span class='ocrx_word' id='word_1_213' title='bbox 1026 3582 1176 3655; x_wconf 87' lang='lat' dir='ltr'><strong>propriam</strong></span> <span class='ocrx_word' id='word_1_214' title='bbox 1211 3577 1326 3636; x_wconf 85' lang='lat' dir='ltr'><strong>restitui</strong></span> 
     </span>
     <span class='ocr_line' id='line_1_29' title="bbox 260 3666 1325 3743; baseline 0.002 -22"><span class='ocrx_word' id='word_1_215' title='bbox 260 3667 346 3722; x_wconf 91' lang='lat' dir='ltr'><strong>licam</strong></span> <span class='ocrx_word' id='word_1_216' title='bbox 358 3666 517 3739; x_wconf 80' lang='lat' dir='ltr'><strong>saepissime</strong></span> <span class='ocrx_word' id='word_1_217' title='bbox 527 3683 634 3739; x_wconf 90' lang='lat' dir='ltr'><strong>provo·</strong></span> <span class='ocrx_word' id='word_1_218' title='bbox 683 3669 977 3741; x_wconf 85' lang='lat' dir='ltr'><strong>quenquamsanctis-</strong></span> <span class='ocrx_word' id='word_1_219' title='bbox 1026 3671 1127 3743; x_wconf 87' lang='lat' dir='ltr'><strong>procul</strong></span> <span class='ocrx_word' id='word_1_220' title='bbox 1146 3669 1238 3724; x_wconf 90' lang='lat' dir='ltr'><strong>dnbio</strong></span> <span class='ocrx_word' id='word_1_221' title='bbox 1257 3685 1325 3723; x_wconf 90' lang='lat' dir='ltr'><strong>cen·</strong></span> 
     </span>
     <span class='ocr_line' id='line_1_30' title="bbox 260 3755 1326 3829; baseline 0.001 -19"><span class='ocrx_word' id='word_1_222' title='bbox 260 3773 338 3812; x_wconf 89' lang='lat' dir='ltr'><strong>casse</strong></span> <span class='ocrx_word' id='word_1_223' title='bbox 379 3756 525 3813; x_wconf 88' lang='lat' dir='ltr'><strong>nonnullis</strong></span> <span class='ocrx_word' id='word_1_224' title='bbox 559 3755 633 3810; x_wconf 90' lang='lat' dir='ltr'><strong>indi·</strong></span> <span class='ocrx_word' id='word_1_225' title='bbox 683 3757 978 3829; x_wconf 86' lang='lat' dir='ltr'><strong>simipatresdefinic-</strong></span> <span class='ocrx_word' id='word_1_226' title='bbox 1026 3756 1326 3829; x_wconf 84' lang='lat' dir='ltr'><strong>suisscmus,uticgi·</strong></span> 
     </span>
     <span class='ocr_line' id='line_1_31' title="bbox 260 3829 1326 3918; baseline 0.004 -21"><span class='ocrx_word' id='word_1_227' title='bbox 260 3844 310 3898; x_wconf 89' lang='lat' dir='ltr'><strong>ciis</strong></span> <span class='ocrx_word' id='word_1_228' title='bbox 321 3846 558 3918; x_wconf 89' lang='lat' dir='ltr'><strong>comprobantur,</strong></span> <span class='ocrx_word' id='word_1_229' title='bbox 567 3847 634 3900; x_wconf 85' lang='lat' dir='ltr'><strong>ante</strong></span> <span class='ocrx_word' id='word_1_230' title='bbox 651 3829 656 3839; x_wconf 50' lang='lat'>⁸</span> <span class='ocrx_word' id='word_1_231' title='bbox 683 3849 751 3899; x_wconf 89' lang='lat' dir='ltr'><strong>runt</strong></span> <span class='ocrx_word' id='word_1_232' title='bbox 761 3849 790 3900; x_wconf 88' lang='lat' dir='ltr'><strong>et</strong></span> <span class='ocrx_word' id='word_1_233' title='bbox 802 3847 893 3901; x_wconf 89' lang='lat' dir='ltr'><strong>nostri</strong></span> <span class='ocrx_word' id='word_1_234' title='bbox 902 3863 977 3918; x_wconf 88' lang='lat' dir='ltr'><strong>prae-</strong></span> <span class='ocrx_word' id='word_1_235' title='bbox 1028 3849 1097 3903; x_wconf 86' lang='lat' dir='ltr'><strong>time</strong></span> <span class='ocrx_word' id='word_1_236' title='bbox 1117 3847 1259 3902; x_wconf 89' lang='lat' dir='ltr'><strong>nimirum</strong></span> <span class='ocrx_word' id='word_1_237' title='bbox 1281 3863 1326 3901; x_wconf 92' lang='lat' dir='ltr'><strong>re·</strong></span> 
     </span>
     <span class='ocr_line' id='line_1_32' title="bbox 262 3932 1326 4009; baseline 0.001 -21"><span class='ocrx_word' id='word_1_238' title='bbox 262 3934 361 3989; x_wconf 89' lang='lat' dir='ltr'><strong>omnia</strong></span> <span class='ocrx_word' id='word_1_239' title='bbox 384 3933 514 4006; x_wconf 84' lang='lat' dir='ltr'><strong>pristinis</strong></span> <span class='ocrx_word' id='word_1_240' title='bbox 536 3932 634 4006; x_wconf 87' lang='lat' dir='ltr'><strong>gradi·</strong></span> <span class='ocrx_word' id='word_1_241' title='bbox 684 3932 849 3990; x_wconf 85' lang='lat' dir='ltr'><strong>decessores</strong></span> <span class='ocrx_word' id='word_1_242' title='bbox 862 3938 977 4007; x_wconf 88' lang='lat' dir='ltr'><strong>aposto·</strong></span> <span class='ocrx_word' id='word_1_243' title='bbox 1028 3936 1139 4008; x_wconf 88' lang='lat' dir='ltr'><strong>ciperet</strong></span> <span class='ocrx_word' id='word_1_244' title='bbox 1153 3935 1232 4009; x_wconf 88' lang='lat' dir='ltr'><strong>quod</strong></span> <span class='ocrx_word' id='word_1_245' title='bbox 1247 3935 1326 3996; x_wconf 83' lang='lat' dir='ltr'><strong>nulla</strong></span> 
     </span>
     <span class='ocr_line' id='line_1_33' title="bbox 262 4019 1327 4096; baseline 0.003 -22"><span class='ocrx_word' id='word_1_246' title='bbox 262 4019 314 4074; x_wconf 86' lang='lat' dir='ltr'><strong>bus</strong></span> <span class='ocrx_word' id='word_1_247' title='bbox 325 4025 353 4076; x_wconf 90' lang='lat' dir='ltr'><strong>et</strong></span> <span class='ocrx_word' id='word_1_248' title='bbox 365 4023 468 4078; x_wconf 84' lang='lat' dir='ltr'><strong>officiis</strong></span> <span class='ocrx_word' id='word_1_249' title='bbox 482 4023 633 4082; x_wconf 85' lang='lat' dir='ltr'><strong>reformati</strong></span> <span class='ocrx_word' id='word_1_250' title='bbox 684 4023 751 4078; x_wconf 92' lang='lat' dir='ltr'><strong>lica</strong></span> <span class='ocrx_word' id='word_1_251' title='bbox 763 4024 979 4079; x_wconf 84' lang='lat' dir='ltr'><strong>anctoritate</strong></span> <span class='ocrx_word' id='word_1_252' title='bbox 1028 4027 1095 4096; x_wconf 82' lang='lat' dir='ltr'><strong>lege</strong></span> <span class='ocrx_word' id='word_1_253' title='bbox 1115 4023 1244 4079; x_wconf 85' lang='lat' dir='ltr'><strong>dictante</strong></span> <span class='ocrx_word' id='word_1_254' title='bbox 1259 4039 1327 4096; x_wconf 89' lang='lat' dir='ltr'><strong>per·</strong></span> 
     </span>
     <span class='ocr_line' id='line_1_34' title="bbox 259 4109 1326 4187; baseline 0.004 -27"><span class='ocrx_word' id='word_1_255' title='bbox 259 4109 428 4179; x_wconf 88' lang='lat' dir='ltr'><strong>consistant,</strong></span> <span class='ocrx_word' id='word_1_256' title='bbox 451 4113 494 4169; x_wconf 94' lang='lat' dir='ltr'><strong>ita</strong></span> <span class='ocrx_word' id='word_1_257' title='bbox 509 4115 634 4187; x_wconf 86' lang='lat' dir='ltr'><strong>utprio-</strong></span> <span class='ocrx_word' id='word_1_258' title='bbox 684 4112 909 4168; x_wconf 89' lang='lat' dir='ltr'><strong>roboraverunt.</strong></span> <span class='ocrx_word' id='word_1_259' title='bbox 939 4114 980 4167; x_wconf 86' lang='lat' dir='ltr'><strong>tta</strong></span> <span class='ocrx_word' id='word_1_260' title='bbox 1030 4113 1156 4181; x_wconf 88' lang='lat' dir='ltr'><strong>diderat,</strong></span> <span class='ocrx_word' id='word_1_261' title='bbox 1172 4115 1260 4185; x_wconf 85' lang='lat' dir='ltr'><strong>atque</strong></span> <span class='ocrx_word' id='word_1_262' title='bbox 1277 4127 1326 4184; x_wconf 84' lang='lat' dir='ltr'><strong>per</strong></span> 
     </span>
     <span class='ocr_line' id='line_1_35' title="bbox 262 4194 1325 4272; baseline 0.005 -23"><span class='ocrx_word' id='word_1_263' title='bbox 262 4194 343 4250; x_wconf 89' lang='lat' dir='ltr'><strong>ribus</strong></span> <span class='ocrx_word' id='word_1_264' title='bbox 367 4198 474 4254; x_wconf 88' lang='lat' dir='ltr'><strong>redditi</strong></span> <span class='ocrx_word' id='word_1_265' title='bbox 497 4203 637 4272; x_wconf 85' lang='lat' dir='ltr'><strong>gradibus</strong></span> <span class='ocrx_word' id='word_1_266' title='bbox 684 4201 765 4257; x_wconf 88' lang='lat' dir='ltr'><strong>enim</strong></span> <span class='ocrx_word' id='word_1_267' title='bbox 788 4200 850 4254; x_wconf 82' lang='lat' dir='ltr'><strong>haec</strong></span> <span class='ocrx_word' id='word_1_268' title='bbox 871 4217 902 4254; x_wconf 89' lang='lat' dir='ltr'><strong>se</strong></span> <span class='ocrx_word' id='word_1_269' title='bbox 926 4202 979 4256; x_wconf 86' lang='lat' dir='ltr'><strong>ha·</strong></span> <span class='ocrx_word' id='word_1_270' title='bbox 1031 4201 1258 4256; x_wconf 87' lang='lat' dir='ltr'><strong>ecclesiasticum</strong></span> <span class='ocrx_word' id='word_1_271' title='bbox 1277 4215 1325 4254; x_wconf 85' lang='lat' dir='ltr'><strong>ca·</strong></span> 
     </span>
    </p>
   </div>
   <div class='ocr_carea' id='block_1_5' title="bbox 264 4284 1327 4360">
    <p class='ocr_par' dir='ltr' id='par_1_6' title="bbox 264 4284 1327 4360">
     <span class='ocr_line' id='line_1_36' title="bbox 264 4284 1327 4360; baseline 0.003 -23"><span class='ocrx_word' id='word_1_272' title='bbox 264 4286 296 4337; x_wconf 89' lang='lat' dir='ltr'><strong>et</strong></span> <span class='ocrx_word' id='word_1_273' title='bbox 309 4284 468 4354; x_wconf 88' lang='lat' dir='ltr'><strong>ordinibus,</strong></span> <span class='ocrx_word' id='word_1_274' title='bbox 480 4295 505 4343; x_wconf 89' lang='lat' dir='ltr'><strong>et</strong></span> <span class='ocrx_word' id='word_1_275' title='bbox 519 4293 637 4359; x_wconf 81' lang='lat' dir='ltr'><strong>quodum</strong></span> <span class='ocrx_word' id='word_1_276' title='bbox 684 4291 754 4346; x_wconf 85' lang='lat' dir='ltr'><strong>beat</strong></span> <span class='ocrx_word' id='word_1_277' title='bbox 784 4305 791 4344; x_wconf 94' lang='lat'><strong>:</strong></span> <span class='ocrx_word' id='word_1_278' title='bbox 826 4288 980 4360; x_wconf 80' lang='lat' dir='ltr'><strong>Episcopus</strong></span> <span class='ocrx_word' id='word_1_279' title='bbox 1030 4306 1138 4350; x_wconf 88' lang='lat' dir='ltr'><strong>nonem</strong></span> <span class='ocrx_word' id='word_1_280' title='bbox 1165 4289 1327 4347; x_wconf 85' lang='lat' dir='ltr'><strong>resumeret</strong></span> 
     </span>
    </p>
   </div>
   <div class='ocr_carea' id='block_1_6' title="bbox 0 0 1508 5045">
    <p class='ocr_par' dir='ltr' id='par_1_7' title="bbox 0 0 1508 5045">
     <span class='ocr_line' id='line_1_37' title="bbox 0 0 1508 5045; baseline 0 0"><span class='ocrx_word' id='word_1_281' title='bbox 0 0 1508 5045; x_wconf 95' lang='lat' dir='ltr'><strong> </strong></span> 
     </span>
    </p>
   </div>
  </div>
 </body>
</html>
