3006 5050
257 473 302 523 168
346 472 549 524 anasvastt
570 470 759 522 rufinum!
778 471 826 522 EX
845 469 1045 521 aelswius
1066 470 1221 522 Nicotar
1242 472 1253 520 Ι

300 615 523 684 Recordemur
547 615 656 702 enim,
679 615 777 682 annis
801 623 878 682 ante
903 613 1068 702 quinque,
1088 634 1165 681 unm
1184 611 1319 681 Wenilo

255 732 515 819 archiepiscopus
529 729 729 798 Senonensis
743 751 762 797 a
775 728 932 797 Nicolaol
945 729 1144 818 quaesivisset
1153 749 1193 796 an
1207 737 1319 797 essent

255 847 291 914 in
304 845 436 914 archivo
447 845 598 914 Romano
616 845 746 913 decreta
763 843 964 931 llelchiadis,
979 843 1174 912 Anastasius
1188 843 1229 911 ad
1241 863 1318 930 quae

255 962 444 1030 diverticula
462 971 495 1030 et
512 961 667 1049 ambages
681 961 877 1048 confugerit,
892 981 992 1048 quam
1006 960 1178 1028 artificiose
1191 959 1318 1028 labora·

254 1077 337 1144 verit
350 1087 387 1144 ut
396 1073 504 1144 Gades
515 1078 680 1165 episcopos
689 1078 858 1145 veritatem
867 1077 998 1144 celaret.
1011 1075 1082 1142 Hoc
1095 1075 1227 1162 quidem
1239 1095 1317 1142 cum

255 1190 401 1258 codicem
425 1191 801 1260 Pseudo-Isidoriannm
833 1191 981 1258 nondum
1008 1200 1146 1258 teneret.
1182 1188 1315 1274 1111111,

254 1305 751 1391 ineunteannoaos‚audaaiori
760 1304 1230 1394 osselioet3suntinmauibus
1243 1302 1316 1392 ejus

254 1422 375 1509 scripta
387 1422 441 1489 illa
454 1421 666 1508 antiquorum
683 1442 858 1510 paparnm;
875 1422 944 1490 haec
960 1422 1031 1510 jam
1044 1421 1177 1488 inventa
1196 1440 1265 1489 esse
1279 1419 1315 1486 in

253 1536 450 1605 bibliotheca
459 1537 609 1606 Romana
624 1537 811 1624 confingere
824 1538 927 1604 tutius
940 1544 1057 1625 potest.

297 1650 412 1740 ltaque
426 1652 484 1739 qui
501 1653 579 1720 olim
598 1653 818 1740 interrogatus
834 1652 876 1719 de
889 1652 1019 1719 archivo
1036 1649 1317 1739 sedisapostolicae

253 1769 389 1836 omnino
407 1767 490 1835 nihil
512 1767 633 1836 dehoc
655 1767 880 1857 responderat,
902 1788 989 1834 nuuc
1010 1788 1078 1835 non
1094 1767 1317 1854 interrogatus

254 1885 339 1951 hano
346 1903 417 1951 rem
426 1905 485 1952 sua
494 1893 609 1971 sponte
617 1883 818 1971 aggreditur.
826 1881 1186 1950 Dixerantllinemarus
1196 1881 1318 1968 aliique

254 1997 337 2066 Galli
355 1999 497 2087 episcopi
519 2019 566 2079 se,
581 1998 617 2065 in
640 2019 738 2067 causa
756 1998 973 2085 Rothadiana,
992 1996 1143 2085 epistolas
1157 1996 1317 2084 quasdam

250 2114 436 2201 priscorum
447 2135 607 2204 paparum
621 2114 812 2201 neglexisse,
823 2113 911 2201 quod
924 2114 988 2181 illae
1000 2121 1034 2181 et
1043 2112 1195 2181 obsoletae
1207 2122 1320 2180 essent

252 2238 286 2297 et
309 2230 345 2296 in
362 2230 464 2297 libros
484 2229 658 2297 canonioos
677 2250 743 2296 non
767 2230 891 2317 relatae3
912 2228 1120 2317 Anastasius,
1144 2238 1181 2294 ut
1203 2237 1319 2296 contra

255 2342 387 2410 easdem
400 2343 516 2431 probet
529 2343 651 2429 vigere,
665 2345 751 2411 hane
761 2345 854 2412 affert
865 2346 1012 2431 regulam
1026 2365 1037 2412 t
1052 2343 1164 2411 omnia
1177 2344 1248 2411 sine
1264 2363 1320 2411 ea-

251 2457 400 2543 ceptione
422 2455 563 2545 decreta,
587 2457 823 2546 cujuscumque
844 2479 934 2547 papae
954 2468 987 2526 et
1009 2457 1179 2546 temporis,
1202 2457 1319 2526 obser-

255 2570 359 2638 vanda
373 2591 444 2639 esse
459 2570 609 2659 fideliter,
623 2574 651 2640 si
665 2574 762 2640 modo
777 2572 867 2662 (audi
884 2555 1142 2660 condicionemt)
1155 2583 1265 2642 essent
1278 2595 1318 2641 ca

252 2686 381 2754 (1001010
396 2687 432 2756 in
447 2688 576 2756 archivo
593 2689 736 2756 ecelesiae
748 2688 905 2756 Romanae
921 2689 1101 2777 antiquitus
1124 2688 1287 2756 recondita
1305 2710 1316 2756 :

257 2827 274 2868 n
289 2802 385 2870 Absit
408 2803 517 2892 enirn,
540 2804 603 2890 ait,
618 2814 656 2870 nt
671 2803 906 2892 cujuscumque
922 2803 1052 2894 (papae),
1076 2803 1134 2892 qui
1153 2824 1259 2891 usque
1275 2803 1317 2870 ad

252 2918 407 2985 ultimum
423 2918 495 2986 vitae
512 2939 579 2986 suae
592 2918 680 2986 diem
696 2918 732 2985 in
745 2919 809 2987 lide
823 2920 979 2986 catholica
992 2919 1255 3007 perseveraverit,
1267 2920 1318 2986 vel

252 3031 424 3100 decretalia
434 3033 621 3120 constituta,
634 3035 683 3102 vel
698 3033 739 3102 de
751 3034 966 3103 ecclesiastica
979 3034 1150 3123 disciplina
1164 3032 1319 3121 quelibet

252 3145 407 3231 exposita,
420 3148 529 3214 debito
550 3150 640 3216 cultu
661 3157 694 3216 et
716 3170 794 3216 com
811 3170 941 3218 summa
954 3150 1148 3218 discretione
1162 3170 1230 3216 non
1244 3170 1316 3216 am-

252 3259 432 3345 plectamur
454 3264 623 3348 opuscula,
649 3285 725 3354 quw
750 3262 915 3331 duntuact
938 3277 971 3332 et
995 3264 1179 3356 antiquitus
1200 3276 1318 3332 sancta

255 3378 405 3441 domneva
432 3374 565 3443 eccesia
592 3399 806 3465 consonans,
831 3378 925 3446 nobas
952 3401 1080 3470 quoque
1107 3378 1318 3447 custodiendo

251 3487 436 3577 mnrrdunr't,
447 3502 478 3558 et
487 3513 588 3580 penes
601 3515 635 3558 se
647 3492 683 3560 in
692 3494 761 3560 suis
772 3493 914 3560 archivis
930 3508 962 3561 et
976 3495 1108 3562 vetustis
1121 3494 1318 3562 1110010011-

251 3605 370 3673 mentis
382 3604 549 3674 recondito
562 3618 740 3675 venantur
752 3610 773 3677 ¹.
787 3633 803 3672 o

292 3724 340 3791 At
363 3724 443 3792 cedo
466 3745 625 3812 quorsum
652 3735 810 3812 spectaret
836 3727 904 3794 hec
934 3728 1064 3813 regula,
1095 3725 1158 3794 nisi
1187 3735 1223 3794 ut
1248 3725 1319 3812 epi-

282 3932 304 3977 1.
323 3929 415 3994 lligue,
428 3930 497 3992 ibid.;
512 3928 949 3996 ci.App0nutoem.1nquibusdem
967 3931 1145 3982 animadvertas
1165 3931 1236 3981 velim
1253 3931 1315 3981 istud

250 4006 391 4058 «duntaxat
404 4027 428 4073 o,
445 4010 508 4075 quod
519 4010 667 4072 adverbium,
685 4015 711 4058 ut
728 4009 791 4073 apud
807 4011 903 4060 Latinos
918 4011 1042 4076 ingenuos,
1052 4013 1086 4062 sic
1098 4011 1122 4060 in
1137 4011 1224 4061 litteris
1242 4011 1317 4061 Nico-

249 4083 279 4134 lai
292 4085 397 4151 aliquam
413 4093 579 4154 exceptionem
593 4091 722 4153 significat,
734 4096 762 4138 ut
773 4093 869 4153 tumen,
882 4092 966 4150 orode,
982 4095 1084 4142 tautum
1099 4092 1177 4141 modo
1187 4092 1221 4156 (v.
1233 4105 1316 4155 nrpra,

248 4179 274 4227 p.
289 4166 342 4227 118,
357 4165 373 4215 1.
387 4170 430 4228 21;
448 4184 473 4235 p.
488 4174 542 4233 15³,
557 4171 574 4222 1.
585 4175 629 4233 ³63
645 4186 670 4236 p.
684 4174 739 4231 151,
753 4168 770 4219 1.
785 4171 818 4230 i).
832 4171 984 4236 Quapropter
999 4171 1082 4222 istaec:
1098 4191 1110 4217 v
1124 4173 1184 4232 Que
1201 4171 1317 4221 duntaxat

248 4249 273 4292 et
286 4245 419 4309 antiquitus
431 4266 456 4310 o,
468 4259 526 4313 etc,
540 4253 574 4300 sic
584 4259 648 4304 recte
656 4257 807 4302 converteres
820 4250 844 4298 in
856 4266 989 4302 sermonem
1002 4251 1134 4314 gallicum:
1150 4253 1179 4304 Si
1194 4251 1316 4314 toutefois

249 4327 273 4374 et
288 4323 380 4387 depuis
391 4325 532 4393 lonptcmps
546 4345 585 4380 ces
599 4333 673 4382 suits
683 4335 741 4382 sont
755 4345 807 4381 unx
821 4330 935 4382 uredines
946 4333 1086 4384 romeiam.
