2960 5052
272 425 320 476 DE
340 425 508 477 NICOLAO
530 425 627 477 Part
647 427 660 476 1
680 425 852 487 museus
871 427 1151 480 untrmtaalssus
1216 431 1246 482 18

175 569 399 658 pervenissent
433 567 705 656 spatiosissimum
737 569 865 638 itineris
901 570 1024 658 locum,
1063 569 1246 660 Imperator

179 706 262 774 equo
274 684 451 767 descendit,
468 705 655 772 equumque
666 685 828 772 pontilicis
840 685 973 773 iterum,
984 695 1023 754 ut
1031 687 1245 756 meminimus

178 779 288 886 supra,
316 800 427 882 traxit,
456 799 719 888 dulcissimisque
747 821 781 868 se
807 800 925 870 osculis
949 801 987 870 ad
1015 802 1156 871 invicem
1171 824 1245 890 per·

178 924 331 982 ornantes
346 914 478 982 luciflue
491 914 645 1002 gratulati
660 925 739 984 sunt
749 916 772 984 1.
791 941 809 978 n

222 1029 333 1110 Quaeri
351 1029 493 1118 proiecto
506 1040 625 1119 potest,
640 1030 806 1119 Nicolaus,
823 1041 1000 1119 antequam
1015 1054 1096 1122 papa
1115 1034 1247 1122 delege-

179 1155 282 1232 retur,
295 1167 396 1232 quam
413 1145 454 1214 de
468 1166 502 1215 se
518 1146 708 1233 opinionem
732 1145 855 1234 lecerit,
871 1167 971 1235 quam
990 1168 1081 1234 spem
1101 1150 1246 1219 attulerit

178 1259 370 1330 Hludowico
389 1259 525 1349 ejusque
547 1262 694 1348 partibus
714 1270 752 1329 ut
774 1261 828 1330 isti
849 1283 926 1331 eum
949 1263 1052 1332 creari
1075 1285 1245 1334 summum

177 1375 366 1462 pontificem
401 1385 570 1462 tantopere
603 1386 802 1464 expeterent,
834 1387 1008 1466 creatoque
1033 1381 1243 1470 letarentur3

178 1487 361 1573 presertim
375 1507 450 1554 cum
468 1487 496 1556 is
514 1487 703 1575 imperator,
721 1487 912 1574 instigante,
928 1499 965 1556 ut
981 1489 1122 1576 ridetur,
1137 1492 1246 1560 ambi·

178 1602 262 1670 tiosa
290 1602 501 1689 inquietaque
529 1601 669 1691 conjuge
697 1601 937 1691 Engelberga²,
969 1606 1030 1672 hoc
1055 1605 1119 1674 sibi
1142 1607 1244 1674 lirum

180 1726 425 1803 perseveranter
450 1717 602 1786 habuerit
630 1717 703 1804 jura
732 1719 843 1785 omnia
864 1719 1117 1807 imperatorum,
1145 1721 1244 1788 utin

179 1831 297 1898 ceteris
312 1829 413 1900 ltaliae
426 1831 586 1919 partibus,
605 1831 652 1900 sic
665 1831 777 1902 Romae
790 1831 972 1921 exercerel,
989 1843 1085 1922 atque
1102 1834 1175 1902 ideo
1189 1856 1245 1904 eos

177 1954 308 2012 tantum
325 1967 424 2033 papas
439 1948 576 2014 voluerit
594 1946 652 2034 qui
666 1946 785 2015 famam
801 1946 961 2016 facilitatis
976 1948 1134 2017 habereut
1147 1960 1243 2037 atque

177 2058 340 2147 obsequii.
358 2057 423 2127 Sed
437 2063 504 2128 baec
522 2060 593 2128 aliis
608 2061 781 2129 scrutanda
795 2062 900 2150 magis
915 2062 1081 2151 relinquo;
1102 2063 1137 2130 id
1155 2065 1244 2130 enim

177 2174 322 2262 obtinui,
350 2176 438 2262 quod
461 2175 502 2242 ad
524 2197 596 2246 rem
619 2196 726 2244 meam
751 2178 828 2245 satis
855 2187 915 2265 est,
942 2177 1073 2245 Nicolao
1098 2178 1247 2247 videlicet

178 2292 302 2358 recenti
325 2288 469 2378 pontifici
492 2290 594 2359 luisse
616 2313 773 2378 magnam
799 2293 940 2380 gratiam
965 2291 1245 2362 cumfautoribus

177 2404 362 2474 Hludowioi
382 2403 427 2491 ΙΙ,
452 2425 633 2494 eorumque
653 2405 842 2494 adjumento
857 2417 889 2476 et
903 2407 1029 2476 artibus
1043 2409 1083 2476 ad
1098 2429 1246 2477 summos

176 2520 332 2590 Ecclesiae
346 2523 485 2590 honores
499 2523 698 2609 pervenisse.

223 2637 299 2704 Jam
327 2657 413 2719 vero,
441 2658 517 2705 cum
544 2658 581 2705 ex
613 2639 713 2706 altera
746 2647 837 2725 parte
865 2647 989 2707 constet
1016 2639 1243 2726 Anastasiom‚

177 2751 408 2840 presbyterum
443 2750 476 2819 S.
504 2751 648 2820 Marcelli
678 2753 897 2841 cardinalem,
916 2755 1070 2836 ¹multum
1103 2755 1245 2840 potuisse

177 2866 267 2951 apud
283 2868 515 2954 imperatorem
534 2867 775 2953 Hludowicum,
792 2889 934 2956 cumque
953 2868 1025 2956 ejus
1039 2877 1130 2956 pater
1143 2869 1245 2936 Arse-

176 2982 267 3069 nius,
284 2982 455 3050 Hortensis
471 2983 653 3072 episcopua,
669 3003 727 3071 per
742 2995 847 3052 totum
862 2983 987 3053 Nicolai
1004 2984 1244 3073 pontificatum,
1347 3035 1348 3038 ,

147 3193 158 3216 ι
211 3168 235 3215 1.
256 3165 314 3214 Vita
325 3165 428 3216 Nicolai
444 3165 563 3230 (Vignoli,
578 3171 598 3215 t.
613 3167 657 3227 111,
672 3181 697 3231 p.
711 3168 806 3227 ΙΙΙ-5).

210 3247 237 3295 2.
249 3244 412 3308 Engelberga,
430 3261 486 3296 cum
505 3260 557 3294 rem
571 3245 692 3310 publicam
714 3246 790 3296 multo
804 3245 884 3308 magis
898 3261 971 3311 quam
987 3247 1096 3311 decebat,
1108 3252 1160 3297 tum
1172 3248 1246 3299 etiam

176 3331 312 3378 Romanam
326 3330 451 3379 ecclesiam
463 3345 525 3394 saepe
539 3331 664 3380 contendit
679 3345 763 3392 regere
771 3344 780 3394 ;
800 3346 844 3380 neo
858 3331 989 3396 quidquam
1008 3333 1042 3381 sic
1057 3332 1123 3382 cordi
1134 3333 1245 3382 babuisse

177 3409 274 3458 videtur
294 3424 367 3474 quam
386 3417 413 3459 ut
433 3411 504 3460 rebus
520 3425 546 3460 se
564 3411 670 3476 virisque
686 3411 853 3461 ecclesiasticis
870 3411 1041 3475 interponeret.
1063 3411 1097 3463 V.
1121 3413 1245 3462 llinemari

176 3489 303 3552 Annales,
317 3489 342 3538 in
360 3505 382 3540 a.
405 3491 460 3553 864,
479 3493 534 3553 869,
560 3492 607 3540 872
630 3490 801 3554 (Pertz,SS.,
825 3496 845 3540 1.
865 3493 886 3556 Ι,
909 3506 935 3556 p.
960 3494 1015 3556 463,
1035 3494 1090 3550 481,
1107 3494 1162 3555 493,
1179 3492 1245 3554 494),

177 3575 252 3631 atque
261 3569 379 3617 incertum
395 3569 462 3618 illum
476 3575 598 3620 auctorem
613 3569 654 3634 qui
668 3569 763 3634 scripsit
778 3572 813 3620 De
830 3571 999 3635 imperatoria
1009 3574 1132 3635 potestate
1146 3570 1246 3620 inorbo

175 3649 258 3696 Ronra
274 3649 363 3712 (Pertz,
379 3649 436 3708 SS.‚
452 3656 470 3699 t.
486 3650 529 3714 ΙΙΙ,
551 3664 575 3713 p.
596 3650 665 3712 121).
686 3649 779 3709 Quibus
798 3651 878 3701 confer
898 3666 926 3700 ea
945 3666 998 3715 qua
1018 3658 1114 3712 egomet
1133 3650 1203 3710 attigi
1221 3650 1245 3698 in

174 3728 340 3789 disputatione
353 3729 467 3793 inscripta
479 3745 485 3778 :
496 3731 610 3780 Hadrian
622 3731 649 3778 11
658 3732 682 3778 et
698 3730 734 3779 les
745 3731 847 3794 sausses
859 3731 1010 3795 decretales,
1021 3746 1046 3795 p.
1062 3733 1135 3781 69-61
1151 3730 1247 3794 (extruit

174 3809 208 3858 de
222 3808 244 3858 la
253 3810 337 3858 Revue
351 3810 395 3858 des
410 3811 538 3874 questions
554 3811 718 3876 historiques,
732 3811 792 3860 arrii
806 3813 888 3876 1889).

206 3891 230 3938 3.
249 3907 261 3936 α
273 3890 319 3938 1116
330 3889 513 3954 (illudowicus),
524 3891 582 3955 quia
595 3891 674 3952 magis
683 3892 777 3941 ltaliam
788 3892 897 3942 habitare
910 3891 993 3953 elegit,
1005 3890 1105 3940 vicinior
1119 3891 1196 3940 lactus
1209 3897 1247 3940 est

172 3970 265 4032 Rome,
281 3969 360 4018 ubist
376 3969 486 4034 ampliori
505 3971 608 4034 quadam
624 3985 681 4020 usus
697 3977 734 4020 est
750 3978 878 4034 potestate,
893 3970 984 4020 habens
998 3981 1108 4019 strenuos
1120 3971 1182 4020 viros
1194 3973 1246 4034 ejus

171 4049 250 4111 urbis,
265 4049 370 4098 scientes
390 4053 516 4114 antiquam
535 4051 707 4114 imperatorum
725 4051 932 4110 consuetudinem,
956 4057 981 4100 et
999 4051 1137 4100 intimantes
1154 4053 1245 4100 caesari.

172 4127 223 4186 Qut
237 4128 399 4188 suggerebant
414 4129 448 4179 illi
462 4136 571 4194 repetere
586 4130 712 4192 antiquam
725 4131 898 4196 imperatorum
907 4131 1102 4192 dominationem,
1116 4139 1141 4180 et
1156 4132 1200 4180 nisi
1216 4134 1247 4180 ob

172 4209 337 4257 reverentiam
348 4210 471 4258 beatorum
486 4209 646 4274 apostolorum
660 4210 801 4270 dimitteret,
816 4225 858 4274 pro
872 4211 1070 4262 complaceret.»
1086 4213 1123 4264 De
1134 4213 1245 4278 impertr-

176 4289 244 4337 toria
255 4292 383 4352 potestate
396 4291 500 4340 libellus
513 4291 602 4355 (Pertz,
616 4291 673 4354 SS.‚
687 4297 707 4342 t.
720 4293 764 4351 ΙΙΙ,
781 4306 806 4356 p.
818 4293 882 4355 721).
