2954 5050
504 413 666 465 etratus
688 411 930 464 OSTENDITUR
1207 413 1251 466 ldd

183 557 271 645 quod
288 577 387 645 supra
401 566 619 626 monstratum
633 565 694 645 est,
709 575 808 645 quarn
823 555 932 626 densis
946 553 1141 644 ignorantie
1155 562 1248 654 teuc·¹

186 674 254 742 bris
270 674 418 743 Romana
442 673 554 742 civitas
575 694 593 741 a
615 681 702 742 sento
726 673 834 742 seculo
860 670 1057 740 circumfusa
1078 669 1192 756 luerit,
1212 669 1247 740 in

184 791 306 880 quibus
327 810 458 860 necesse
476 799 545 860 erat
562 797 600 858 ut
618 789 776 858 memoria
796 786 1012 876 antiquitatis,
1030 785 1149 856 Grocae
1167 808 1247 876 pre·

183 906 312 994 sertim,
326 926 427 994 quarn
442 904 583 975 marimo
595 903 837 989 obscuraretur,
856 901 1028 971 Nicolaum
1047 901 1080 969 id
1100 921 1137 970 ex
1160 902 1247 970 bone

184 1021 250 1092 fide
265 1021 431 1110 probasse,
448 1041 515 1088 non
534 1019 710 1088 admodum
725 1017 916 1088 incredibile
937 1017 1077 1087 videtur.
1099 1018 1143 1087 At
1158 1024 1249 1088 Ane-

189 1137 326 1225 stasius,
351 1135 407 1223 qui
428 1135 505 1204 talia
524 1135 567 1205 de
586 1155 645 1204 suo
664 1153 763 1203 sensu
782 1134 998 1222 deprompsit,
1017 1132 1067 1201 vix
1087 1152 1124 1202 ac
1141 1152 1182 1202 ne
1197 1133 1247 1202 vir

186 1251 322 1340 quidem
344 1252 386 1321 ab
406 1251 498 1320 omni
520 1247 647 1319 ‘fraudis
671 1248 855 1337 suspicione
875 1248 1048 1346 liberatur,
1074 1259 1142 1317 mm
1170 1247 1248 1336 quia

184 1379 302 1456 praeter
314 1378 436 1436 ceteros
445 1366 611 1436 Romanos
622 1375 656 1435 et
665 1365 807 1434 historiae
819 1373 852 1433 et
864 1365 988 1452 linguae
996 1383 1110 1451 graecae
1123 1365 1247 1452 peritus

184 1492 267 1572 crat,
282 1503 383 1572 quam
400 1481 488 1571 qnod
509 1481 545 1549 in
566 1480 637 1570 ejus
658 1481 786 1570 scriptis
807 1481 915 1567 plura,
927 1489 966 1548 ut
981 1479 1136 1568 vidimus,
1154 1499 1248 1568 repe·

182 1599 315 1668 riuntur
328 1619 400 1686 que
415 1619 451 1666 en
467 1596 582 1666 eadem
594 1595 755 1665 industria
767 1605 801 1665 et
813 1594 927 1663 fraude
942 1594 1082 1684 prolecta
1096 1605 1186 1665 sunt.

229 1714 398 1795 Quantum
418 1733 495 1782 vero
516 1713 723 1801 Anastasius,
742 1715 804 1782 bac
818 1711 938 1800 agendi
953 1712 1092 1799 ratione,
1108 1711 1251 1781 auctori·

184 1838 285 1898 tatem
299 1829 482 1901 Romanam
499 1830 534 1896 in
549 1830 725 1898 discrimen
740 1828 922 1916 adduxerit,
935 1849 1001 1900 non
1016 1848 1098 1914 opus
1113 1837 1162 1896 est
1176 1828 1250 1914 plu-

183 1945 278 2013 ribus
301 1944 447 2014 edocere.
464 1943 518 2013 Sic
538 1946 641 2014 telum
653 1945 850 2013 acerrimum
866 1943 931 2012 illis
945 1941 1065 2040 Grecis
1082 1952 1118 2018 et,
1134 1943 1248 2012 Pbotio

183 2059 286 2148 dedit,
302 2061 422 2148 quibus
442 2081 481 2130 eo
493 2061 620 2147 gratius
633 2069 702 2128 erat
715 2059 880 2128 Romanos
894 2059 930 2126 in
944 2057 1116 2128 manifesta
1133 2057 1248 2127 fraude

184 2175 440 2264 deprehendere,
449 2196 514 2264 quo
526 2175 589 2266 ipsi
602 2173 824 2245 vehementius
834 2195 852 2242 a
863 2174 1022 2244 Romanis
1032 2174 1158 2242 astutiae
1171 2193 1248 2242 con·

184 2290 426 2359 damnabantur
435 2302 468 2360 et
475 2291 553 2360 doli.
566 2294 695 2372 Quanto
704 2289 802 2359 etiarn
814 2289 946 2379 majoris
960 2290 1095 2380 periculi
1111 2309 1164 2358 res
1178 2296 1249 2358 erat

183 2405 228 2471 ita
238 2425 314 2472 curn
328 2404 442 2473 Photio
454 2425 564 2494 agere,
582 2405 762 2475 acutissimi
775 2406 898 2496 ingenii
915 2406 983 2474 viro
998 2416 1096 2494 atque
1109 2403 1245 2474 inomni

182 2538 303 2605 genere
323 2519 516 2588 eruditionis
537 2521 755 2610 paratissimo,
769 2542 844 2590 cum
863 2521 892 2589 is
904 2521 1086 2608 presertim
1098 2541 1245 2590 summos

182 2635 363 2722 pontifices,
383 2634 424 2703 ad
448 2635 634 2724 augendam
655 2637 880 2706 auctoritatem
902 2656 1010 2721 suam,
1033 2636 1246 2704 conciliorum

181 2749 310 2819 decreta
332 2749 515 2820 adulterare
536 2753 651 2841 solere,
675 2772 712 2821 ex
732 2751 803 2820 aliis
823 2749 909 2820 sedis
931 2750 1110 2838 apostolicae
1128 2750 1245 2819 litteris

148 2875 155 2884 “
180 2865 345 2952 colligeret
358 2863 382 2935 ¹.
412 2866 615 2957 Quapropter
637 2867 714 2957 jure
741 2888 778 2937 ac
804 2866 939 2953 merito,
963 2875 1001 2934 ut
1025 2865 1154 2953 opinor,
1178 2864 1244 2934 dici

179 3069 297 3121 donenses
310 3070 404 3133 regulae
414 3072 514 3135 jubetur
526 3077 553 3121 ut
566 3078 632 3136 petat
648 3071 774 3136 primatem
795 3069 922 3120 dioceseos
935 3075 977 3120 aut
995 3068 1076 3120 sedem
1092 3068 1164 3130 regie
1178 3067 1244 3118 urbis

181 3151 458 3216 Constantinopolitanae,
473 3156 498 3201 et
515 3151 577 3215 apud
592 3152 671 3215 ipsum
684 3150 816 3215 judicetur.
836 3150 904 3210 Quod
918 3157 997 3206 tamen
1013 3150 1072 3200 nulli
1088 3149 1189 3200 dubium
1206 3155 1244 3198 est

180 3233 256 3280 multo
270 3231 348 3293 magis
361 3231 425 3295 apud
438 3230 579 3282 Romuleam
594 3232 688 3294 urbem,
702 3246 775 3296 quam
795 3232 858 3296 apud
874 3230 1171 3296 constantinopolitanam,
1191 3243 1244 3280 esse

180 3311 276 3376 penitus
285 3311 489 3362 observandumn
504 3311 593 3361 Nicolai
610 3312 692 3376 Epist.
705 3311 742 3362 acl
753 3311 872 3363 Corolam
888 3312 994 3362 Caluum
1008 3313 1111 3377 (iligna,
1126 3319 1145 3360 t.
1157 3311 1243 3373 cxlii,

178 3407 220 3454 ep.
236 3394 276 3454 ta,
292 3406 317 3456 p·
329 3394 396 3456 893).
410 3393 460 3442 lloc
473 3392 572 3457 quidem
586 3392 636 3443 loco
650 3393 722 3442 verba
736 3410 748 3439 ι
763 3393 853 3456 primas
865 3391 1015 3444 dioceseos»
1028 3392 1101 3442 allam
1115 3393 1139 3441 in
1151 3397 1244 3455 partem

177 3485 225 3520 noo
244 3486 297 3521 esse
320 3471 444 3534 traducta,
471 3472 513 3521 sed
531 3471 587 3521 nera
609 3472 782 3533 significatione
805 3473 927 3537 proposita
949 3473 1095 3523 existimarit
1114 3474 1138 3520 J.
1160 3469 1243 3519 llelele

177 3552 253 3615 (Hisl.
263 3551 308 3602 dea
319 3565 397 3612 conc,
411 3557 430 3600 t.
442 3553 475 3613 V,
490 3565 516 3614 p.
530 3555 597 3616 5⁰5lt
613 3567 641 3600 ex
656 3566 704 3616 quo
718 3552 869 3602 inferendum
883 3559 947 3603 esset
958 3567 1005 3602 non
1020 3552 1097 3601 solum
1107 3548 1243 3611 Anastasio,

176 3630 300 3680 sedetiam
309 3630 409 3680 Nicolao
419 3632 440 3693 l,
450 3631 521 3681 modo
532 3631 601 3693 falsa,
610 3631 680 3680 modo
694 3647 759 3695 vera,
769 3647 812 3696 pro
824 3647 904 3682 rerum
919 3632 1106 3697 opportunitate,
1117 3629 1243 3693 placuisse.

175 3711 236 3760 blibi
254 3726 311 3760 aero
332 3710 408 3760 multo
427 3711 477 3760 rari
490 3711 595 3761 similius
613 3717 650 3760 est
667 3712 832 3776 Anastasium,
853 3718 879 3762 ut
896 3713 921 3762 in
934 3711 1034 3776 epistola
1047 3711 1076 3761 ad
1091 3708 1242 3771 Michaelem,

174 3791 210 3840 sic
229 3805 253 3838 m
276 3789 317 3838 illa
338 3789 558 3842 chalcedonensem
576 3805 691 3841 canonem
710 3807 782 3856 prave
804 3807 938 3857 usurpasse.
959 3792 1010 3842 Nisi
1032 3791 1099 3840 enim
1121 3789 1243 3852 inpriore

177 3869 276 3934 periodo
285 3870 350 3935 optio
360 3870 457 3921 daretur
466 3877 507 3920 aut
517 3887 583 3936 pape
592 3878 633 3921 aut
643 3873 783 3936 patriarcba
791 3874 924 3938 byzantini,
933 3877 1102 3934 argumentum
1112 3884 1128 3918 a
1138 3869 1243 3931 fortiori

178 3949 242 4014 quod
256 3951 366 4015 sequitur
380 3965 426 4000 non
441 3959 491 4001 tam
506 3952 567 4001 bene
582 3951 729 4017 procederet.

212 4033 234 4082 1.
253 4031 284 4079 V.
305 4030 526 4095 Ἐρωτήματαόἔκα
537 4031 581 4080 σὺν
595 4031 671 4088 'lom
680 4037 732 4088 ταῖς
741 4032 891 4098 ἀποκρίσεσι,
906 4032 994 4095 inquo
1008 4031 1120 4097 opusculo
1132 4031 1242 4095 Photius,

177 4110 240 4161 inter
252 4110 309 4173 alia,
323 4111 429 4162 Felicem
444 4125 530 4175 papam
547 4114 582 4163 Ill
601 4113 756 4163 vehementer
772 4113 879 4176 increpat
892 4111 966 4176 quod,
980 4113 1005 4162 in
1023 4112 1124 4177 epistola
1138 4113 1241 4178 quadam

176 4190 206 4240 ad
228 4192 349 4242 Misenum
369 4198 394 4240 et
413 4191 521 4243 Vltalem
544 4193 642 4256 scripta,
668 4191 794 4241 concilium
812 4191 937 4240 Nicaenum
957 4193 1109 4243 contenderit
1129 4193 1244 4244 Romanis

178 4271 332 4336 pontificibus
347 4273 389 4336 jus
416 4271 502 4321 iecisse
519 4287 602 4322 omnes
625 4271 726 4336 synodos
751 4270 906 4321 confirmandi
929 4286 935 4321 ι
958 4271 1059 4331 ἀναιδῶς
1075 4274 1120 4340 γὰρ
1138 4274 1187 4324 ἐκεῖ
1205 4273 1244 4322 τὸν
