3006 5050
677 1095 708 1166 V

271 1332 444 1384 aNasnnsn
472 1333 641 1382 INGENIUM
671 1333 718 1382 EX
748 1330 918 1382 EPISTOLIS
948 1331 1084 1383 mooun
1112 1331 1126 1384 1

510 1449 653 1499 PLENIUS
683 1449 894 1499 OSTENDITUR

167 1676 188 1726 1.
207 1675 369 1727 Anastadana
384 1675 545 1742 improbitatis
555 1691 613 1728 num
626 1693 721 1744 aequum
734 1677 768 1728 sit
781 1677 894 1728 insidiam
909 1677 1015 1728 conform
1026 1677 1050 1728 in
1065 1677 1145 1742 ipsum
1158 1677 1231 1728 Nico·

199 1755 276 1806 laum.
288 1781 320 1794 -
337 1758 369 1808 ll.
384 1757 433 1808 Gur
445 1758 595 1821 Anastasius,
622 1757 714 1808 Nicolai
731 1758 828 1808 nomine
841 1757 974 1821 scribendo,
990 1757 1021 1808 de
1035 1764 1152 1822 potestate
1165 1771 1219 1808 sum

200 1851 295 1886 morum
309 1837 448 1900 pontificum
461 1839 580 1903 praecipue
594 1837 745 1888 laboraverit.
762 1864 790 1878 -
805 1837 848 1888 lll.
864 1837 944 1888 Falsas
958 1837 1088 1888 decretales
1104 1837 1129 1886 in
1145 1837 1234 1888 litteris

199 1915 289 1966 Nicolai
308 1918 319 1967 l
339 1922 365 1966 et
377 1923 505 1982 usurpatas
520 1924 544 1968 et
559 1917 669 1968 laudatas
687 1917 770 1981 fuisse,
787 1917 931 1968 recentiores
947 1916 1043 1983 quidam
1062 1917 1149 1980 critici,
1166 1918 1233 1968 Ana·

200 1996 312 2044 stasianis
325 1996 417 2048 artibus
429 1996 533 2062 decepti,
543 1998 663 2048 immerito
674 2003 801 2059 negarunt.
811 2025 841 2034 -
851 1997 893 2049 IV.
902 2000 1065 2059 interrogatus
1073 1997 1104 2045 ab
1115 1996 1234 2062 episcopis

201 2075 332 2126 Galliarum
340 2092 397 2126 num
404 2077 500 2128 decreta
509 2077 617 2142 quaedam
624 2078 858 2129 Pseudo-isidoriana
868 2079 892 2127 in
901 2079 996 2128 archivo
1005 2077 1111 2128 ecclesiae
1119 2079 1233 2128 Romana

201 2157 316 2220 inessent,
330 2158 471 2207 Anastasius
484 2157 639 2208 solertissime
653 2158 796 2210 dissimulat.
807 2186 835 2196 -
846 2160 877 2210 V.
889 2160 977 2210 Exorta
987 2157 1073 2208 deinde
1086 2155 1234 2208 Rotbadiana

201 2237 370 2298 controuersia,
387 2238 492 2302 primum
505 2237 535 2287 ad
554 2239 668 2301 ambages
679 2239 807 2303 uariasque
823 2237 931 2290 fallacias
944 2238 1062 2300 confugit.
1074 2265 1105 2276 -
1118 2237 1159 2289 Vl.
1173 2235 1232 2298 Sed,

202 2321 229 2366 ut
243 2317 348 2381 primum
361 2316 474 2366 falsarum
489 2317 646 2368 decretalium
664 2318 786 2383 exemplar
803 2324 878 2383 tenet,
893 2318 968 2368 multa
981 2334 1009 2368 et
1023 2318 1059 2368 eis
1072 2323 1196 2368 mutuatur
1208 2323 1234 2367 et

202 2397 299 2462 profert.
314 2423 346 2434 -
355 2398 411 2448 Vll.
425 2399 554 2448 [tatamen
567 2399 676 2449 cautione
688 2398 711 2447 id
724 2399 775 2462 agit
783 2404 811 2448 ut
818 2413 874 2450 vera
885 2405 978 2449 tantum
988 2403 1143 2448 monumenta
1149 2397 1233 2463 appel-

201 2478 251 2526 lara
265 2477 383 2527 videatur.
401 2505 428 2516 -
440 2479 508 2529 Vlll.
522 2477 628 2539 Tandem
641 2478 712 2528 falsas
725 2478 855 2530 decretales
871 2485 952 2544 aperte
966 2479 1159 2530 commendatae
1172 2478 1232 2528 reci-

200 2556 302 2621 piendas
314 2572 367 2607 osse
380 2559 509 2608 contendit.
524 2559 610 2609 -1x.
625 2557 663 2608 Ad
676 2559 740 2623 quod
753 2559 915 2621 alliciendum,
934 2565 1070 2610 commenta
1088 2558 1128 2609 illa
1149 2573 1232 2608 recen-

202 2637 295 2687 tissima
313 2637 338 2686 in
358 2638 455 2688 archivo
472 2640 580 2690 Romano
594 2639 728 2702 antiquitus
739 2646 861 2689 asservata
874 2654 927 2688 essa
941 2638 1066 2703 perfidiose
1079 2637 1187 2688 instillat.
1202 2639 1233 2674 ’-

200 2719 231 2768 Χ.
253 2716 344 2768 Eodem
357 2717 457 2767 consilio
474 2733 544 2768 seras
557 2718 655 2784 quidem
667 2719 800 2770 decretales
812 2725 931 2778 causatur,
946 2723 971 2768 at
985 2717 1038 2768 illas
1049 2723 1152 2767 mutatas
1161 2723 1234 2780 atque

201 2803 345 2862 amputatas.
355 2824 386 2835 -
395 2798 437 2848 xl.
449 2799 543 2848 Grecos
552 2799 687 2861 exacerbat,
697 2798 898 2848 Chalcedonensis
907 2797 1000 2848 concilii
1014 2811 1129 2846 canonem
1143 2810 1233 2845 nonum

200 2875 280 2926 dolose
291 2877 316 2925 in
325 2875 398 2926 aliam
409 2882 501 2940 partem
515 2876 668 2927 traducendo.
681 2878 775 2928 -ΧΙΙ,
786 2879 836 2927 Nec
846 2876 978 2928 laudandus
991 2881 1028 2926 est
1042 2874 1116 2940 quod,
1128 2873 1234 2923 scribens

200 2956 230 3005 ad
246 2956 412 3008 occidentales
426 2956 548 3020 ecclesias,
564 2959 702 3008 (trecorum
719 2956 843 3021 opiniones
857 2963 882 3008 et
894 2955 993 3020 injurias
1006 2970 1053 3005 non
1066 2954 1123 3004 satis
1132 2953 1234 3004 fideliter

201 3036 316 3086 exhibuit.
326 3063 357 3074 -
369 3038 434 3088 Xlll.
452 3037 571 3101 Denique,
586 3036 616 3086 ad
628 3037 776 3102 perdendum
789 3037 958 3097 ilincmarum,
971 3035 1064 3086 conscio
1076 3041 1142 3101 patre
1158 3036 1234 3086 Arec-

202 3117 252 3182 nio,
267 3117 392 3180 indignum
405 3117 558 3168 mendacium
571 3118 651 3168 struit.

214 3304 242 3374 1.
260 3304 345 3374 Cum
354 3305 561 3393 Anastasius,
577 3305 875 3374 excommunicatus
889 3314 960 3374 tum
975 3305 1157 3396 presbyter,
1168 3305 1234 3375 Ro·

172 3441 274 3508 mam,
295 3420 336 3488 ad
369 3420 591 3509 arripiendum
619 3441 788 3489 summum
803 3421 1042 3510 pontificatum,
1064 3421 1233 3510 ingressus

171 3545 266 3622 esset,
284 3537 379 3624 nihil,
395 3547 431 3604 ut
451 3536 523 3624 jam
540 3546 615 3605 ante
628 3537 707 3624 dixi,
729 3537 895 3624 antiquius
909 3537 1069 3606 habuerat
1082 3557 1180 3624 quarn
1197 3544 1235 3604 ut

171 3655 289 3742 scripta
310 3664 342 3722 et
362 3653 506 3741 tabulas,
529 3651 600 3741 ejus
617 3653 784 3742 opprobrii
805 3663 1070 3741 monumentum,
1090 3653 1160 3742 ipsc
1174 3671 1233 3721 sua

171 3787 271 3837 manu
285 3768 506 3855 exstingueret
522 3769 543 3836 ¹.
560 3768 655 3850 Quod
668 3789 773 3857 genus
787 3768 930 3838 andaciae
948 3768 993 3836 ita
1009 3777 1079 3838 erat
1091 3767 1126 3835 in
1141 3767 1234 3834 Ana-

171 3882 267 3951 stasio
282 3882 420 3952 insitum
435 3892 551 3952 natura
566 3893 598 3953 et
610 3885 724 3969 lixum,
743 3894 792 3972 nt,
804 3905 878 3952 cum
894 3882 1013 3952 deinde
1027 3883 1133 3951 aditus
1145 3881 1176 3950 ei
1193 3882 1234 3952 ad

171 3997 403 4084 patriarchium
420 4020 457 4067 ac
471 3998 700 4067 bibliothecam
716 3997 972 4066 Lateranensem
986 3996 1149 4085 patefecit,
1161 4019 1234 4067 rur-

172 4133 225 4182 sus
235 4133 318 4182 nova
327 4112 413 4181 furta
423 4108 788 4202 novasquosoriptoru'm
799 4111 1014 4182 detractiones
1024 4123 1153 4201 patrare
1163 4135 1230 4184 non

202 4283 226 4332 l.
242 4281 275 4334 V.
289 4295 369 4345 supra,
380 4295 402 4331 c.
420 4293 451 4345 11,
462 4296 485 4346 p.
500 4283 541 4331 60.
