3006 5050
273 424 319 474 128
355 421 561 473 lnasrtsu
581 418 774 470 INGENiUM
796 417 843 468 EX
864 416 1065 469 urlsrolrs
1086 416 1245 469 Nlcomll
1272 420 1283 468 t

273 564 479 634 dubitaverit.
503 561 605 650 Cujus
627 561 734 629 delicti
756 570 872 630 testem
891 559 1051 628 babemus
1068 559 1178 648 ipsum
1196 560 1344 630 Hadria-

273 700 355 747 num
370 698 486 766 papam
500 675 544 764 ΙΙ,
557 675 627 764 qui,
639 677 674 743 in
689 675 817 744 decreto
832 675 974 765 publico,
986 674 1069 742 facto
1084 675 1171 762 apud
1183 675 1344 744 Sanctam

273 793 469 873 Praredem‚
495 792 541 860 sic
561 793 595 858 in
616 790 830 859 Anastasium
844 790 1091 877 pronuntiavit:
1112 814 1129 855 o
1143 789 1207 858 Sed
1221 789 1343 861 infide·

271 909 345 976 litas
363 906 433 995 ejus
448 928 537 975 nunc
550 907 585 973 in
601 916 730 974 tantum
746 905 907 993 apparuit,
922 913 959 973 ut
974 915 1047 992 post
1064 903 1341 994 depraedationem

272 1022 456 1110 patriarchii
471 1021 575 1089 nostri
591 1021 852 1108 oblationemque
866 1019 1072 1108 synodalium
1085 1021 1339 1109 scripturarum,

271 1159 353 1226 quas
373 1146 440 1204 tam
462 1157 560 1224 super
580 1156 614 1205 se
633 1155 733 1222 quam
755 1155 853 1223 super
872 1133 1060 1223 hujusmodi
1083 1154 1102 1202 a
1122 1135 1340 1204 sanctissimis

272 1252 465 1341 praesulibus
485 1250 620 1320 diversis
640 1249 842 1338 temporibus
857 1249 1001 1319 decretas
1016 1259 1192 1338 repererat,
1205 1250 1341 1319 iustitu-

271 1370 394 1437 tionem
411 1386 541 1455 quoque
558 1365 752 1435 venerandae
772 1365 887 1454 synodi
908 1364 949 1432 ab
971 1365 1050 1454 ipsis
1069 1365 1189 1434 sanetis
1207 1367 1341 1453 pontifi-

270 1484 364 1552 cibus
378 1481 603 1569 inclamatque
617 1481 679 1550 sub
691 1481 938 1570 interpositione
952 1481 1168 1549 anathematis
1180 1489 1338 1550 retactam

271 1597 385 1668 violari
399 1597 494 1666 nobis
509 1595 722 1685 subripiendo
734 1595 845 1666 fecerit
857 1597 879 1664 ¹.
900 1623 914 1656 o

316 1711 394 1780 Haeo
414 1711 527 1799 igitur,
554 1710 635 1778 dum
660 1731 721 1798 ego
743 1709 913 1797 disseram,
936 1729 1015 1797 rogo
1038 1707 1239 1796 utquisque
1262 1718 1338 1778 aute

269 1827 381 1895 oculos
404 1827 559 1910 retineat,
582 1834 631 1914 ut,
656 1826 684 1894 si
704 1846 769 1912 qua
790 1825 925 1893 consilia
945 1823 1069 1894 fraudis
1093 1823 1130 1891 in
1152 1824 1271 1894 litteris
1295 1825 1336 1893 ab

271 1942 444 2012 Anastasio
472 1941 658 2032 compositis
688 1941 840 2028 deinceps
868 1940 1025 2028 aperiam,
1052 1939 1080 2009 si
1103 1940 1199 2028 plura
1229 1940 1266 2007 iu
1290 1940 1338 2009 eis

269 2057 440 2127 ostendam
465 2066 521 2126 aut
546 2056 724 2146 prudenter
748 2053 962 2142 dissimulata,
982 2063 1039 2123 aut
1057 2065 1210 2142 corrupta
1227 2054 1340 2143 impu-

269 2174 399 2260 denter,
414 2181 469 2240 aut
485 2171 576 2240 omni
590 2191 626 2240 er
642 2181 733 2258 parte
749 2171 917 2256 ementita,
933 2190 999 2238 nou
1010 2168 1082 2258 jam
1097 2169 1206 2240 videar
1229 2172 1338 2239 incre-

272 2288 385 2355 dibilia
400 2307 547 2373 narrare,
565 2286 622 2356 sed
644 2285 750 2356 virum
765 2285 800 2352 in
814 2285 962 2354 moribus
981 2295 1163 2373 naturaque
1183 2294 1340 2355 coustan-

272 2411 339 2470 tem
354 2401 550 2470 describere.
889 2413 890 2418 ’

317 2517 411 2598 Ouod
424 2526 534 2586 autem
548 2517 588 2586 ad
602 2520 687 2586 hanc
700 2516 914 2603 quaestionem
928 2525 1064 2604 spectat,
1074 2515 1154 2604 quid
1168 2516 1211 2584 sit
1226 2515 1263 2584 in
1276 2517 1338 2584 hac

272 2655 308 2702 re
319 2632 359 2701 de
372 2633 502 2700 Nicolao
514 2631 819 2721 judicandum-jam
832 2653 929 2720 supra
941 2630 1207 2700 dixihocnullam
1216 2631 1338 2700 babere

270 2750 469 2838 equitatem,
486 2751 754 2837 quotiescumque
774 2749 1000 2817 Anastasianae
1017 2758 1103 2816 artes
1116 2750 1205 2816 hunc
1220 2767 1339 2837 papam

272 2865 371 2934 latere
394 2867 573 2954 potuerint,
596 2885 711 2934 earum
738 2863 896 2932 invidiam
921 2863 957 2930 in
980 2884 1058 2932 eum
1078 2862 1240 2933 conferre.
1262 2863 1340 2933 Fuit

272 2979 414 3068 protecto
430 2979 583 3048 Nicolaus
600 2980 646 3048 vir
659 2979 786 3066 ingenii
804 3000 871 3046 non
883 2978 1070 3067 mediocris,
1084 2999 1227 3067 eumque
1239 2978 1340 3048 intel-

271 3095 428 3180 ligentem
447 3105 480 3162 et
501 3095 682 3183 sapientem
703 3115 771 3162 non
791 3095 957 3163 immerito
969 3095 1122 3163 dixerunt
1137 3093 1339 3164 Hincmarus

273 3208 406 3296 ipseque
432 3207 608 3298 Photius¹3
635 3220 667 3277 at
688 3209 776 3278 aliud
798 3220 848 3278 est
866 3211 1011 3278 eminere
1026 3208 1196 3277 altitudine
1219 3209 1336 3296 animi,

273 3324 359 3393 aliud
375 3323 556 3394 eruditione
578 3325 742 3414 excellere,
763 3325 923 3414 librisque
942 3326 1126 3395 evolvendis
1147 3335 1180 3394 et
1202 3325 1338 3396 investi·

273 3439 380 3525 ganda
389 3438 583 3506 bibliotheca
592 3439 764 3528 delectari;
778 3439 872 3528 cujus
882 3439 1001 3508 laboris
1011 3440 1157 3509 studium
1168 3447 1201 3507 et
1209 3440 1338 3527 copiam

273 3555 404 3626 Nicolao
425 3573 495 3623 esse
516 3555 671 3642 oportuit,
687 3557 929 3643 utplerumque
952 3554 1118 3624 Anastasii
1131 3553 1263 3622 fraudes
1278 3575 1339 3642 po-

272 3670 388 3739 tuisset
401 3669 596 3758 perspicere.
621 3667 650 3735 N
654 3689 690 3736 ec
703 3690 782 3738 sane
795 3670 823 3739 is
835 3669 896 3738 luit
910 3669 967 3758 qui
981 3669 1016 3737 in
1031 3670 1122 3738 omui
1135 3689 1171 3738 re
1185 3667 1338 3738 facillima

272 3785 493 3875 deciperetur,
520 3790 668 3869 essetque
695 3782 903 3854 fraudulento
931 3784 1065 3854 cuilibet
1098 3785 1192 3874 quasi
1225 3791 1339 3873 parata

305 4033 328 4082 l.
346 4031 463 4082 Hadriani
473 4033 495 4086 11
510 4033 643 4084 Decretum
655 4031 746 4096 (Porta,
759 4029 817 4090 SS.,
828 4032 851 4092 1,
866 4030 934 4092 tle).

304 4111 330 4158 2.
347 4111 387 4160 Sic
403 4111 468 4162 enim
486 4113 585 4165 Photiua
603 4111 633 4162 ad
651 4109 776 4163 Nicolaum
794 4109 902 4160 scribom
917 4126 924 4161 r
941 4109 1009 4171 «τῆς
1027 4109 1095 4172 ὑμῶν
1115 4107 1337 4174 μεγαλοφυωτᾶτης

272 4187 429 4246 συνέσεως».
452 4193 553 4258 (Migne,
568 4193 597 4243 P.
613 4191 655 4255 G,
674 4198 694 4240 t.
709 4191 762 4255 Gll,
776 4204 801 4254 p.
818 4191 885 4253 olo.)
901 4191 1043 4240 Hincmarus
1061 4195 1142 4238 autern
1160 4189 1190 4239 ad
1208 4187 1335 4239 eumdem:

275 4284 291 4314 o
305 4267 467 4320 famosissimae
478 4273 601 4335 sapientia
613 4279 697 4322 vestro
710 4269 793 4336 scripsi
805 4287 830 4320 n.
846 4270 949 4334 (origne,
963 4271 993 4322 Ρ.
1004 4271 1044 4334 ln,
1057 4276 1076 4322 t.
1091 4270 1201 4334 CXXVI,
1215 4285 1240 4334 p.
1250 4267 1304 4332 89.)
