2954 5050
282 411 329 461 230
501 406 719 466 anastasu,
745 405 945 459 atestino
969 407 1066 458 ΡΑΡΑ
1091 406 1135 470 11,

282 553 359 623 hinc
382 558 453 622 erat
476 548 658 640 periculum
683 569 725 619 ne
742 549 990 638 potentissimus
1013 549 1069 618 ille
1089 548 1358 642 archiepiscopus

282 668 330 740 rei
349 667 389 736 ab
406 665 579 736 Anastasio
594 665 780 753 composite
790 686 857 735 non
874 666 980 734 solum
991 685 1027 734 se
1039 665 1140 734 nollet
1155 665 1356 755 adjungere,

282 781 515 854 verumetiam
539 801 599 870 pro
619 800 680 849 sua
703 780 789 850 virili
812 787 904 870 parte
922 779 1106 850 obsisteret.
1135 781 1213 851 Hac
1233 793 1296 873 est,
1315 794 1357 852 ut

281 902 410 990 opinor,
437 914 535 968 causa
560 898 666 968 verior
694 917 765 987 cur,
792 897 907 988 primis
937 897 1096 966 Hadriani
1131 900 1351 990 temporibus,

282 1017 474 1086 Anastasius
491 1015 668 1083 Hincmaro
682 1013 819 1104 ejusque
836 1015 944 1100 legato
961 1014 1104 1084 Actardo
1124 1018 1228 1084 multa
1246 1017 1352 1087 bene·

279 1133 426 1201 volentia
440 1141 538 1220 atquc
555 1129 703 1218 obsequii
722 1130 817 1218 signa
833 1131 1044 1200 ostentaverit
1056 1131 1081 1219 ¹,
1096 1151 1156 1200 cur
1173 1131 1262 1202 illius
1274 1135 1351 1204 lau-

280 1247 376 1316 dibus
395 1266 490 1315 aurcs
510 1244 673 1333 pontilicis
692 1245 888 1334 impleverit.

325 1362 389 1432 Sed
404 1363 441 1430 in
454 1363 515 1429 hoc
528 1360 670 1429 maxime
679 1359 917 1430 bibliothecarii
932 1361 1035 1430 nostri
1050 1362 1228 1432 sollertiam
1241 1363 1350 1434 admi-

278 1477 410 1550 remurl
445 1477 642 1565 Quanquam
675 1475 766 1545 enirn
797 1475 976 1545 Hincmaro
1011 1475 1138 1546 Nicolai
1176 1481 1346 1550 sententia

278 1595 460 1682 complures
481 1590 707 1680 displicebant,
727 1611 794 1658 una
808 1599 919 1659 tamen
936 1600 1007 1660 erat
1023 1591 1119 1680 cujus
1138 1592 1194 1662 ille
1215 1593 1258 1663 ad
1273 1615 1347 1682 pro·

277 1704 515 1800 pugnationcm
545 1727 582 1774 ac
611 1705 835 1775 defensionem
865 1705 1035 1776 videbatur
1062 1708 1269 1797 aptissimus.
1304 1711 1347 1782 Ut

278 1826 368 1895 enim
382 1844 420 1893 ex
433 1807 587 1893 omnibus
601 1821 804 1890 Francorum
819 1822 952 1909 regibus
971 1843 1059 1895 unus
1079 1823 1215 1894 Carolus
1230 1824 1347 1896 Calvus

278 1940 439 2010 Hlotharii
449 1938 586 2009 divortio
596 1946 782 2006 constanter
791 1939 1061 2027 repugnaverat2,
1071 1940 1119 2008 sic
1128 1939 1344 2031 Hincmarus,

279 2077 321 2126 ne
332 2057 425 2126 lieret
438 2054 525 2125 istud
537 2054 666 2142 regium
681 2053 892 2141 adulterium,
904 2063 1021 2142 preter
1035 2064 1161 2125 ceteros
1175 2057 1344 2147 episcopos

277 2173 368 2241 omni
390 2173 585 2241 incubuerat
608 2169 715 2238 studio
742 2177 843 2256 atque
864 2167 996 2258 operal.
1020 2169 1091 2239 Hac
1112 2172 1217 2262 igitur
1239 2183 1343 2263 parte,

278 2289 540 2376 archiepiscopus
569 2285 742 2354 Remensis
769 2284 935 2373 prebebat
964 2285 1052 2374 quod
1081 2307 1203 2378 manu,
1232 2299 1271 2358 ut
1300 2291 1344 2360 ita

277 2403 397 2492 dicam,
417 2403 543 2472 facilius
557 2411 727 2491 caperetur
747 2402 988 2490 ducereturque
1001 2404 1038 2472 in
1052 2425 1266 2478 communem
1283 2429 1344 2498 pro

276 2519 400 2588 Nicolai
419 2518 556 2588 decretis
574 2518 771 2606 pactionem.
790 2517 903 2607 Itaque
915 2539 973 2608 per
994 2518 1178 2588 Actardum
1198 2524 1342 2612 legatum

276 2634 1343 2724 RomainFranciamredeuntemlittcraeapostolicacdelataesunt
1445 2667 1446 2672 ¹

276 2771 313 2820 ex
337 2751 496 2821 Hadriani
513 2771 650 2840 persona
669 2749 710 2818 ab
735 2749 910 2819 Anastasio
930 2750 1069 2838 dictata,
1095 2753 1218 2841 quibus
1237 2753 1342 2823 Hinc·

276 2891 401 2959 marus,
417 2871 453 2937 iu
472 2869 512 2938 iis
533 2890 606 2956 quae
625 2868 667 2936 ad
681 2889 814 2937 causam
837 2868 999 2938 Hlotbarii
1015 2870 1102 2955 regis
1123 2873 1339 2959 pertinerent,

276 2984 480 3054 decretorum
500 2985 735 3073 pontificalium
762 2994 870 3053 custos
891 2984 1106 3074 defensorque
1121 2988 1341 3057 honorificen-
1444 3023 1445 3058 ι

275 3101 400 3170 tissime
421 3090 717 3189 constituebatur¹;
733 3108 771 3168 ut
788 3098 859 3188 jam
875 3101 1135 3191 archiepiscopus
1149 3101 1339 3193 Remensis,

306 3335 330 3383 1.
345 3333 383 3384 De
396 3332 443 3384 illis
458 3329 596 3384 muneribus
608 3345 662 3396 qua
674 3329 815 3383 Anastasius
828 3344 871 3395 per
886 3331 1017 3383 letardum
1029 3331 1059 3382 ad
1073 3332 1340 3386 Hincmarumlareuda
1443 3345 1444 3363 ¹

273 3411 366 3462 curavit
378 3427 401 3462 r.
412 3426 492 3477 supra,
509 3425 535 3475 p.
550 3411 587 3472 12,
604 3423 628 3462 1.
644 3412 668 3460 1.

304 3494 328 3543 2.
346 3493 378 3544 V.
395 3491 486 3543 Nicolai
506 3490 590 3555 Epist.
610 3490 646 3542 od
666 3489 791 3541 Cocalum
809 3490 915 3542 Caluam
937 3491 1041 3556 (iligna,
1062 3497 1082 3544 t.
1104 3492 1190 3552 cxlx,
1212 3507 1256 3558 ep.
1282 3495 1337 3560 118,

272 3586 297 3637 p.
313 3574 424 3634 1112-3).

304 3655 327 3702 3.
346 3668 360 3699 a
377 3653 404 3702 lu
417 3665 466 3715 quo
479 3647 591 3699 uidelicet
609 3649 705 3715 pletatis
725 3663 807 3715 opera,
826 3651 883 3715 quia
903 3649 933 3700 de
954 3649 1054 3712 regibus
1070 3649 1134 3700 idem
1152 3649 1257 3701 dilectus
1276 3652 1337 3704 aliua

272 3738 353 3783 noster
371 3731 477 3795 Carolus,
492 3729 523 3780 de
543 3729 704 3780 sacerdotibus
723 3744 780 3780 aero
803 3738 830 3780 tu
852 3731 1003 3796 potissimum
1025 3731 1077 3780 sedi
1099 3730 1235 3795 apostolice
1255 3733 1337 3785 sedula

271 3812 380 3862 laborans
402 3810 554 3862 concurristis
573 3815 597 3860 11
619 3809 781 3864 concertastis.
798 3827 811 3858 a
828 3810 941 3861 Hadriani
962 3812 984 3862 ll
1005 3811 1088 3875 Epist.
1110 3809 1148 3860 ad
1168 3811 1336 3864 flammarum

272 3894 374 3958 (iligna,
389 3899 409 3943 t.
427 3892 526 3952 CXXII,
541 3905 580 3955 ep.
597 3891 636 3954 10,
656 3903 681 3954 p.
703 3891 860 3951 12131011
882 3897 964 3966 antem¹
987 3891 1131 3941 fliucmarus
1151 3889 1177 3940 in
1199 3891 1245 3942 bac
1264 3907 1336 3944 causa

271 3973 401 4037 scripserit,
415 3972 490 4023 babes
506 3971 589 4021 ordine
602 3969 720 4035 descripta
733 3984 775 4034 ap.
794 3970 902 4035 Scbrtrs,
917 3969 1053 4035 mutemur,
1067 3985 1092 4036 p.
1110 3971 1154 4021 ⁵28
1169 3985 1225 4036 sqq.

302 4054 326 4102 l.
344 4052 535 4112 «Quamobrem
554 4058 602 4102 tua
621 4050 778 4100 fraternitatis
798 4049 939 4101 iudustriam
959 4049 1093 4115 specialiter
1111 4049 1276 4116 admonemus,
1298 4053 1335 4103 uti

271 4132 334 4196 quod
348 4147 418 4198 super
432 4132 476 4182 boc
487 4132 545 4182 olim
557 4131 653 4194 negotio
672 4131 766 4194 gessisti
783 4130 888 4180 studium
901 4131 1038 4181 nullatenus
1057 4131 1167 4182 enervari
1184 4133 1333 4196 consanum

270 4210 313 4261 sed
335 4212 387 4264 rice
406 4218 486 4262 nostra
505 4211 590 4276 treus,
611 4227 691 4262 coram
705 4211 802 4274 regibus
824 4217 848 4260 et
870 4211 1019 4276 praesidibus,
1033 4210 1063 4262 de
1077 4212 1224 4263 testimoniis
1237 4213 1334 4264 Domini

270 4289 335 4356 loqui
347 4305 394 4342 non
407 4305 494 4354 cessas,
506 4291 540 4342 lta
552 4297 578 4342 11
590 4293 655 4358 quod
666 4297 763 4344 1111111
776 4293 827 4344 Deo
838 4289 988 4342 destructum
1001 4295 1047 4354 est,
1061 4290 1134 4343 nullis
1145 4291 1228 4344 dolose
1239 4293 1334 4346 mati·
