2954 5050
270 438 316 490 2lll
487 437 706 500 avtsrosrl,
730 436 929 490 Hecataeo
954 437 1052 488 ΡΑΡΑ
1072 439 1113 498 11,

269 579 460 650 conturbata
489 581 706 652 remaneret¹⁸
732 579 839 650 Immo
870 599 946 650 vero
968 589 1097 668 tempus
1120 579 1227 649 veniet
1255 600 1345 648 cum

268 694 378 783 ipsum
390 695 601 766 Anastasium
615 695 731 766 Photio
742 704 867 764 tanam
878 696 1050 768 infamiam
1061 695 1211 766 intulisse
1223 695 1348 784 poeni·

268 809 361 880 tebit.

312 924 356 995 V.
381 924 445 995 Sed
466 926 582 997 demus
603 929 666 997 hoc
679 927 845 996 Anastasii
859 925 1080 1015 Byzantinum
1100 926 1164 996 iter
1187 927 1346 998 multum

268 1040 440 1132 profuisse,
458 1042 529 1131 ejus
549 1053 636 1113 certa
650 1043 774 1114 reditus
791 1063 851 1113 neo
871 1064 1003 1112 summo
1018 1043 1162 1132 pontifici
1175 1043 1344 1132 gloriam,

268 1175 328 1226 nec
337 1178 451 1248 paoem
465 1159 701 1230 christianitati
715 1159 843 1228 detulit.

311 1271 426 1360 ltaque
451 1273 717 1344 bibliothecarius
749 1273 935 1362 Romanus,
968 1272 1160 1361 priusquam
1188 1270 1341 1342 Romam

267 1386 506 1476 regrederetur,
523 1387 715 1477 Beneventi,
733 1398 771 1458 ut
784 1388 974 1460 Hludcvico
994 1389 1191 1477 legationem
1207 1409 1341 1458 renun-

266 1502 374 1590 tieret,
384 1505 548 1592 paulisper
557 1503 963 1575 consederat².lnvenerat
973 1513 1084 1574 autem
1095 1505 1337 1593 imperatorem

266 1637 387 1706 magna
403 1617 588 1689 districtum
611 1621 840 1709 sollicitudine,
865 1642 929 1709 quo
943 1630 1037 1708 pacto
1056 1621 1231 1690 avunculos
1255 1641 1337 1690 suos

266 1752 303 1802 ac
326 1736 508 1822 presertim
533 1733 687 1805 Carolum
713 1734 848 1806 Calvum
875 1736 916 1805 ab
942 1737 1129 1824 occupando
1166 1735 1335 1804 Hlotharii

265 1868 367 1937 regno
391 1850 570 1921 reduceret.
592 1851 625 1920 Is
646 1852 749 1940 enim,
770 1850 824 1940 jus
847 1851 1035 1921 hereditatis
1056 1872 1206 1939 evocans,
1230 1851 1336 1939 quid-

266 1963 346 2052 quid
360 1965 550 2035 Hlotharius
566 1975 657 2037 trans
671 1968 771 2056 Alpes
792 1967 940 2057 rexisset,
964 1966 1024 2036 sibi
1046 1966 1158 2036 deberi
1178 1966 1333 2055 putabat,

265 2090 363 2169 atque
381 2082 422 2151 ab
441 2082 534 2151 obitu
557 2081 665 2152 fratris
682 2084 748 2172 sui,
770 2083 805 2150 id
826 2093 887 2171 est,
911 2104 930 2152 a
950 2103 1065 2152 mense
1079 2084 1232 2170 Augusto
1249 2082 1335 2150 anni

265 2196 343 2287 869,
368 2219 429 2286 pro
450 2220 510 2268 suo
532 2198 757 2287 perseverabat
777 2199 954 2269 vindicare.
976 2197 1071 2280 Quod
1087 2198 1145 2287 jus
1170 2198 1332 2287 quoniam

264 2332 324 2399 per
339 2333 373 2380 se
389 2335 455 2382 non
476 2323 602 2402 poterat
624 2314 773 2404 persequi
793 2315 873 2403 (eret
898 2314 988 2384 enim
1011 2312 1096 2383 bello
1118 2311 1333 2382 Sarracenioo

264 2425 468 2517 impeditus),
488 2427 549 2499 hoc
564 2440 745 2520 opportune
757 2431 928 2500 invenerat
951 2438 989 2500 ut
1002 2428 1190 2522 pontificem
1204 2426 1332 2498 Roma-

189 2545 194 2553 '
264 2562 346 2610 num
359 2544 396 2611 in
407 2564 466 2613 sua
480 2545 614 2614 consilia
629 2546 809 2635 adhiberet,
829 2556 861 2615 et
879 2546 966 2635 qnod
982 2547 1052 2634 ipse
1066 2544 1216 2615 violemis
1229 2543 1333 2613 armis

264 2678 331 2726 non
354 2667 491 2748 poterat,
516 2661 551 2729 id
577 2662 663 2730 sedis
688 2662 869 2750 apostolice
885 2661 1139 2732 comminatione
1163 2660 1333 2748 armisque

263 2774 487 2862 spiritualibus
500 2775 675 2847 obtineret.

306 2889 432 2982 Itaque,
449 2913 561 2963 mense
585 2892 769 2982 Septembri
793 2894 873 2962 anui
897 2892 975 2982 869,
992 2914 1057 2962 non
1080 2893 1193 2961 multis
1213 2891 1333 2960 diebus

262 3016 437 3095 antequam
447 3009 640 3079 Anastasius
653 3007 849 3099 Byzantium
862 3010 1133 3100 proficisceretur,
1149 3007 1248 3096 legati
1263 3006 1332 3075 duo

261 3123 430 3212 pontificii,
458 3123 578 3213 quibus
607 3145 642 3194 se
668 3125 898 3215 imperatorius
923 3127 1050 3214 legatus
1064 3127 1067 3134 “
1072 3122 1228 3213 junxerat
1236 3121 1262 3213 ⁸,
1291 3123 1330 3191 in

261 3235 435 3309 Franciam
460 3260 536 3307 oum
558 3240 675 3310 litteris
699 3240 905 3330 apostolicis⁴
930 3241 1023 3312 missi
1048 3250 1143 3328 sunt,
1168 3239 1228 3328 qui
1256 3239 1328 3326 regi

292 3430 317 3478 1.
333 3427 402 3488 Quod
415 3427 507 3477 ostendi
522 3433 643 3478 tumeam
660 3428 690 3479 de
702 3429 817 3480 Fermcso
830 3445 894 3495 papa
906 3444 1005 3493 agerem
1018 3429 1053 3494 (v.
1068 3431 1102 3480 Le
1114 3442 1183 3494 pope
1196 3428 1328 3489 Formosa,

258 3522 285 3572 p.
294 3508 384 3571 6667).
399 3509 542 3571 Quanquam
556 3523 602 3558 non
616 3523 678 3571 nego
688 3510 807 3560 Anastaeii
820 3524 918 3574 operam
932 3510 956 3559 io
968 3510 1012 3560 boc
1023 3508 1107 3560 utilem
1119 3508 1203 3559 luisse.
1214 3508 1239 3558 le
1251 3507 1327 3570 euim,

260 3593 344 3652 preter
360 3590 421 3638 Acta
442 3586 535 3640 concilii
557 3588 696 3639 oecumenici
715 3589 784 3650 VIII,
804 3588 851 3639 alie
871 3589 980 3655 quedam
1004 3603 1080 3651 graece
1102 3588 1192 3653 scripta
1220 3603 1250 3638 ex
1268 3586 1328 3638 urbe

259 3668 391 3732 Byzantina
409 3669 511 3719 Romam
529 3667 619 3732 attulit,
637 3675 666 3719 ut
687 3669 783 3720 sclrolia
804 3669 829 3719 io
842 3669 984 3734 Dionysium
1004 3668 1283 3733 Pseudo-areopagitam
1300 3673 1329 3718 et

258 3748 404 3799 Passionem
420 3749 447 3800 S.
461 3748 578 3799 Demetrii
595 3749 629 3814 (r.
642 3748 702 3798 infra
721 3749 746 3799 in
758 3749 896 3815 appendice
905 3750 947 3814 Il).
962 3751 995 3801 At
1010 3749 1089 3800 nescio
1110 3762 1141 3799 en
1155 3747 1217 3798 nlius
1231 3747 1326 3810 legatus

258 3828 356 3878 minoris
367 3827 464 3895 quidem
475 3828 594 3892 sollertiae,
616 3827 658 3879 sed
676 3829 810 3881 sanctitatis
824 3829 929 3894 maioris,
943 3830 999 3896 plne
1016 3829 1129 3881 utilitatis
1141 3828 1257 3882 Ecclesia
1271 3827 1325 3878 ani-

257 3923 333 3958 verso
343 3909 472 3959 attulisset.

288 3994 312 4042 1.
331 4005 345 4038 u
358 3991 380 4040 Α
393 3989 526 4055 Dyrrachio
541 3990 636 4053 navigio
649 3989 759 4040 venimus
773 3990 910 4058 Sipontum,
926 3989 1013 4042 deinde
1031 3995 1126 4042 terreno
1141 3988 1229 4040 itinero
1246 3989 1324 4040 Bene·

256 4074 365 4134 ventum,
379 4071 485 4135 posthoc
499 4072 610 4122 llomam.
623 4088 636 4119 a
649 4071 767 4122 Anastasii
782 4071 856 4122 Notoe
867 4072 896 4122 in
911 4086 968 4138 spo.
986 4070 1047 4123 Vll!
1060 4070 1162 4136 (migne,
1178 4074 1199 4120 1.
1213 4068 1321 4130 cxxix,

257 4163 282 4213 p.
297 4150 343 4212 393
357 4151 444 4215 coleti,
459 4156 478 4200 t.
489 4152 522 4214 X,
531 4166 557 4217 p.
572 4152 639 4218 199).

288 4230 313 4279 9.
329 4231 363 4281 V.
375 4231 499 4282 Hincmorl
512 4231 633 4294 Annales,
648 4247 672 4284 a.
684 4233 729 4284 868
744 4232 864 4298 (ΡεήηΙ,
877 4233 944 4298 186).
1148 4253 1151 4258 ·

290 4309 313 4356 1.
330 4309 363 4358 V.
374 4309 444 4373 ime,
455 4324 481 4360 n·
495 4312 566 4376 9811,
580 4313 651 4376 9818,
663 4315 733 4376 2919,
743 4315 814 4376 9998,
830 4314 905 4375 2921;
920 4312 1013 4376 bligoe,
1026 4318 1046 4363 t.
1059 4311 1157 4376 oxxlt,
1173 4325 1213 4378 ep.
1228 4312 1268 4376 20,
1281 4311 1323 4374 11,
