2954 5050
540 421 714 506 FORTUNA
739 421 857 474 vaula
1182 425 1228 476 ἥδ

164 563 265 656 qnasi
278 563 321 632 ob
335 563 515 655 apostolico
528 563 602 634 sede
617 564 777 658 confictis,
799 565 890 659 quod
902 565 993 658 layci
1011 566 1143 636 comites
1160 589 1229 636 non

160 678 388 770 permitterent
409 679 445 747 in
469 679 655 748 civitatibus
681 682 846 773 episcopos
871 681 1035 769 ordinari,
1063 681 1130 750 nisi
1147 704 1229 775 qnos

162 795 319 864 secularis
330 806 473 887 potestus
484 819 501 865 e
512 794 613 866 lutere
621 818 681 864 sno
690 797 854 866 misisset?
865 796 1041 882 Qnidinde
1051 797 1228 867 scriberet?

166 911 242 994 Quo
252 909 364 980 dolore
376 915 589 981 moueretur?
600 915 728 998 Quosve
738 912 879 1004 pemitus
892 911 999 1003 docet,
1012 935 1087 982 cnm
1098 913 1228 1005 perspi·

161 1038 249 1095 cerel
257 1026 514 1096 secretissimum
529 1027 677 1096 ordinem
689 1040 757 1096 tom
770 1028 883 1098 illicite
897 1029 1036 1097 trootori
1047 1041 1079 1098 et
1091 1027 1138 1098 orl
1149 1041 1226 1097 ton-

161 1151 236 1208 tum
251 1143 345 1234 nesus
357 1143 511 1238 prosilire
525 1165 723 1236 quemquem
743 1165 875 1232 censum,
892 1155 930 1212 vt
943 1143 982 1212 de
997 1143 1072 1213 sede
1089 1155 1227 1236 aposto·

160 1255 1224 1329 licotcminconvenientioeteatronsumecclesiasticumomnino

157 1362 386 1434 scriberet¹ln
404 1364 451 1434 lta
465 1365 644 1435 Galliarum
651 1368 822 1456 episcopis,
832 1368 1039 1456 maximeque
1048 1368 1224 1458 provincia

159 1478 375 1569 Viennensis,
391 1480 577 1551 Hadrianus
589 1503 671 1571 papa
685 1482 717 1551 11
731 1484 767 1552 in
779 1481 1056 1569 contemptionem
1069 1482 1221 1552 venerati

158 1599 212 1666 Ita
225 1595 265 1663 ed
279 1595 491 1684 injiciendam
506 1597 596 1666 illam
613 1599 833 1687 suspicionem
846 1598 961 1667 littera
975 1609 1125 1688 artesque
1135 1601 1226 1668 Ana·

127 1713 310 1812 *stasianae
324 1716 502 1784 maximam
513 1716 578 1786 vim
590 1716 816 1787 habuerant²l
1195 1711 1198 1722 ’

207 1831 313 1912 Quem
333 1831 468 1918 lamam,
490 1833 617 1902 etiamsi
637 1833 824 1903 Hadrianus
840 1832 1027 1919 meruisset,
1046 1833 1223 1921 indignum

158 1968 240 2016 sene
258 1956 326 2016 erat
342 1968 511 2016 summurn
527 1949 621 2017 illum
640 1949 827 2037 pontificem
851 1949 897 2017 sie
922 1948 963 2016 ab
989 1969 1027 2016 eo
1048 1948 1223 2017 obtrectari

156 2083 259 2152 quem
282 2083 388 2152 nuper
411 2065 522 2132 multis
548 2073 718 2132 ornaverat
740 2063 925 2151 beneficiis,
946 2082 1046 2151 quem
1067 2063 1223 2133 munifice

158 2179 301 2248 ecclesiae
322 2179 479 2248 Romanae
496 2179 781 2248 bibliothecarium
797 2189 974 2266 creaverat,
995 2179 1115 2263 cuique
1134 2199 1226 2246 sum·
1288 2233 1290 2236 .

157 2315 250 2364 mam
278 2315 390 2364 rerum
417 2294 567 2363 omnium
595 2294 750 2364 fiduciam
780 2295 901 2364 hebere
930 2294 1118 2382 videbatur3
1147 2296 1225 2362 cum

191 2527 215 2576 l.
232 2524 341 2588 Hugcnis
354 2523 502 2587 chronicon,
511 2525 562 2575 l.e.
577 2526 631 2585 Qua
647 2540 712 2576 mre
726 2525 861 2576 Hadrianus
875 2539 939 2590 papa
953 2539 997 2576 nec
1010 2525 1225 2589 sinceranecjmte

157 2605 389 2671 reprehendebatur,
404 2620 459 2655 cnm
470 2604 501 2654 ad
514 2605 685 2656 consecrandos
698 2606 820 2670 episcopos
838 2606 903 2667 regis
922 2611 964 2655 aut
982 2606 1133 2671 imperatoris
1141 2621 1224 2656 assan·
1297 2636 1301 2642 ·

157 2700 214 2735 sum
225 2685 313 2750 requiri
327 2699 370 2735 nec
387 2691 450 2736 esset
461 2699 560 2750 novum,
576 2685 723 2750 temporibus
737 2685 792 2749 illis,
805 2701 883 2750 neque
897 2687 1045 2736 inusitatum.
1067 2687 1099 2736 Et
1115 2686 1161 2735 hoc
1172 2686 1224 2736 Ado

157 2765 303 2817 Viennensis
314 2780 341 2816 eo
352 2765 431 2816 minus
447 2765 560 2814 admirari
583 2771 683 2830 poterat,
698 2765 761 2830 quod
774 2766 826 2830 ipse
839 2771 894 2816 ante
905 2765 997 2829 aliquot
1010 2765 1143 2826 mensibus,
1155 2767 1223 2829 jussu

156 2845 276 2897 Hlotharii
297 2851 370 2910 atque
387 2845 519 2897 Hludovvici
541 2847 700 2911 imperatoris,
720 2847 809 2911 quibus
824 2861 849 2896 se
867 2847 998 2896 sociaverat
1018 2844 1116 2895 Carolus
1136 2844 1224 2896 Calvus

158 2927 193 2990 (v.
213 2925 334 2986 Sirmond,
357 2925 470 2978 Concilio
491 2925 590 2989 Collioe,
614 2932 632 2976 t.
653 2927 696 2989 lll,
720 2942 745 2991 p.
767 2925 894 2991 etc-att),
919 2925 1060 2975 Hemarium
1079 2924 1104 2973 in
1127 2925 1223 2989 episcc-

155 3011 240 3072 patum
262 3004 506 3070 Gratianopolitanum
525 3004 674 3056 ordinaverat
686 3005 722 3072 (v.
736 3005 872 3070 Diimmler,
887 3005 974 3055 Cesct.
995 3003 1021 3054 d.
1036 3005 1113 3068 osith.
1124 3003 1222 3069 bache,

155 3091 176 3136 t.
193 3087 214 3146 1,
229 3101 255 3150 p.
270 3087 325 3150 682,
339 3101 365 3136 n.
380 3086 431 3149 58).
441 3085 511 3145 Quod
521 3085 618 3150 quidem
633 3085 744 3136 Nioolaus
753 3087 764 3136 1
774 3085 805 3136 de
814 3099 951 3135 successore
964 3099 1007 3134 suo
1016 3084 1160 3149 judicasset,
1174 3083 1223 3134 dit-

154 3163 264 3214 ficileest
274 3178 427 3229 cognoscere,
444 3164 486 3214 sed
500 3165 588 3215 scimus
601 3165 660 3230 quid
679 3164 759 3229 plures
774 3179 841 3228 papae
859 3164 968 3228 ejusdem
984 3164 1061 3214 atatis
1072 3165 1097 3214 in
1111 3179 1136 3214 re
1150 3163 1223 3214 simili

155 3245 300 3295 censuerint.
310 3246 416 3295 Tantum
427 3245 493 3295 enim
502 3245 570 3294 abest
580 3249 608 3294 ut
617 3244 661 3294 boc
671 3245 791 3294 Hadriano
801 3246 825 3295 11
835 3244 959 3309 proprium
971 3259 999 3294 ac
1009 3243 1131 3306 singulare
1140 3244 1222 3309 fuerit,

154 3331 184 3374 ut
199 3325 367 3389 StephanusV
382 3325 467 3374 dixerit
486 3339 512 3374 se
527 3325 635 3376 Reatinae
651 3324 757 3374 ecclesias
774 3326 913 3389 episcopum
928 3339 1067 3375 consecrare
1080 3338 1128 3374 non
1142 3339 1221 3390 possa,

155 3405 232 3455 donec
241 3405 379 3470 imperator,
392 3408 422 3456 ut
436 3407 520 3470 pm'sco
532 3405 685 3455 consuetudo
696 3404 778 3456 dictat
792 3405 859 3469 (sunt
869 3405 920 3454 hec
935 3404 1002 3455 illius
1015 3404 1109 3469 verbe),
1125 3411 1150 3455 et
1161 3405 1222 3454 Gui-

154 3485 212 3536 deni
221 3485 303 3534 comiti
318 3484 441 3549 spoletino
454 3485 576 3536 licentiam
590 3484 692 3548 dederit,
703 3491 727 3535 et
738 3485 784 3534 sibi
799 3485 980 3550 imperatoriam
990 3482 1115 3550 epistolam
1129 3483 1224 3535 miserit

155 3565 407 3632 (StephaniVEpist.
417 3565 453 3615 od
463 3565 604 3616 Gnldonem
617 3567 744 3631 comitem,
760 3566 1006 3631 astructorem,
1020 3580 1059 3630 ep.
1072 3568 1097 3628 2,
1110 3580 1135 3630 p.
1149 3565 1222 3631 794);

151 3651 181 3696 ut
195 3646 247 3710 ipse
264 3645 386 3696 lohannes
404 3659 466 3710 papa
486 3647 546 3697 Vlll
564 3646 629 3696 hunc
648 3661 771 3696 assensum
785 3647 815 3696 ab
831 3647 975 3710 imperatore
989 3651 1032 3696 aut
1045 3659 1059 3696 ι
1072 3659 1130 3707 rege
1145 3643 1221 3695 Italics

152 3724 219 3776 haud
231 3725 359 3787 indignum
372 3724 465 3775 duxerit
477 3725 597 3791 postulare
611 3725 646 3791 (v.
656 3726 774 3777 lobannis
788 3728 845 3777 Vlll
857 3727 940 3790 Epist.
956 3726 992 3776 od
1004 3725 1219 3777 carolomannum

152 3819 249 3870 nepem,
260 3819 298 3869 ep.
310 3805 406 3869 Migns,
421 3810 441 3855 t.
451 3806 562 3867 CXXVI,
576 3821 614 3870 ep.
623 3808 679 3870 214,
693 3821 717 3870 p.
728 3809 788 3868 830;
803 3811 828 3856 et
838 3806 922 3870 Epist.
936 3805 972 3854 od
985 3805 1131 3870 supponem
1140 3805 1219 3855 comt·
1249 3809 1253 3818 '

154 3889 216 3948 terre,
227 3885 252 3935 in
264 3886 345 3936 Neues
356 3884 459 3951 Archiv,
469 3891 489 3937 t.
503 3888 541 3953 V,
551 3901 576 3951 p.
591 3888 672 3948 ast-9,
687 3901 712 3936 n.
723 3887 759 3952 2).

184 3967 209 4015 2.
226 3965 282 4016 Plus
296 3966 371 4016 etiam
383 3966 428 4016 iste
442 3967 578 4016 obtinuerat
589 3982 662 4032 quam
676 3966 764 4018 deinde
778 3967 863 4018 voluit.
878 3967 1004 4016 Nemeum
1018 3965 1122 4030 episcopi
1136 3964 1221 4016 Gallias

151 4047 205 4097 hnc
218 4045 249 4095 ad
262 4046 411 4096 Hadrianum
432 4047 598 4111 rescriberent,
616 4047 767 4111 Anastasius,
782 4048 882 4096 mutatis
897 4045 989 4109 studiis,
1006 4045 1032 4094 in
1046 4049 1127 4108 partes
1140 4046 1218 4111 impe-

151 4126 236 4177 ratoris
256 4125 399 4188 confugerat
420 4127 537 4191 apertius3
551 4127 638 4192 vixque
651 4127 751 4178 dubium
765 4133 802 4175 est
814 4126 873 4191 quin
889 4125 974 4175 litteras
990 4123 1037 4175 illa
1055 4125 1212 4190 pontificales,

152 4207 249 4274 inques
262 4206 315 4257 hdo
329 4211 379 4257 tam
393 4207 548 4257 vehementer
560 4207 760 4271 stomachabatur,
772 4206 802 4256 ab
814 4221 842 4256 eo
852 4205 1033 4256 bibliothecario
1047 4206 1141 4272 scripte
1160 4205 1220 4258 sint.

153 4288 186 4341 V.
197 4285 270 4360 inira,
283 4301 309 4352 p.
326 4288 371 4337 243
386 4301 440 4353 sqq.
