2960 5052
581 451 794 506 ruomuldo!
1191 459 1219 508 tl

153 592 397 679 Hincmarus¹‚
429 595 630 683 quantaque
668 595 875 666 auctoritate
901 595 932 665 is
966 597 1219 685 apocrisiarius

153 724 227 786 tum
256 719 400 787 floreret
426 719 519 806 apud
546 722 747 805 Romanos,
779 720 932 808 maj0re,
965 739 1070 808 quam
1098 723 1217 807 vellet,

153 843 366 910 documento
383 849 550 930 expertus
567 841 673 912 crau.
694 845 834 932 Itaque,
851 865 932 913 cnm
949 844 1075 914 deinde
1099 846 1221 914 Actar-

153 966 239 1034 dum
259 967 305 1034 ad
331 965 516 1036 Nicolaum
543 985 671 1055 papam
697 967 890 1056 delegauit,
919 974 1016 1038 ratus
1044 969 1127 1038 nihil
1154 970 1220 1039 sibi

153 1092 280 1157 Romae
303 1108 570 1174 successurum,
595 1090 664 1158 nisi
685 1091 783 1179 prius
808 1097 843 1160 et
866 1092 1093 1162 Anastasium
1116 1094 1221 1162 abba·

150 1221 245 1297 tem,
272 1218 308 1282 et
333 1213 521 1282 Arsenium
543 1197 750 1303 episcopum
769 1216 990 1303 conciliaret,
1013 1216 1131 1304 legato
1153 1237 1219 1289 suo

152 1344 378 1426 praeceperat
405 1344 442 1406 ut
470 1337 665 1426 applicaret
691 1359 731 1407 se
757 1340 802 1408 ad
835 1340 1018 1429 utriusque
1044 1341 1221 1410 familiari-

150 1440 273 1530 tatem.
290 1465 376 1530 Haec
392 1461 485 1530 enim
498 1463 541 1532 de
558 1464 708 1532 Actardo
725 1463 817 1533 dicta
834 1471 916 1533 sunt
937 1465 973 1533 in
999 1463 1050 1534 eis
1079 1466 1216 1552 litteris,

151 1605 244 1674 quas
273 1587 483 1655 Hincmarus
499 1605 565 1674 per
579 1587 743 1656 eumdem
758 1589 804 1656 ad
816 1589 1043 1658 Anastasium
1058 1590 1220 1659 deleren-

151 1711 221 1779 das
235 1710 370 1779 curavit
385 1729 393 1778 :
422 1736 439 1774 «
455 1713 504 1779 De
519 1731 589 1798 quo
605 1711 813 1781 charissimo
827 1719 862 1781 et
876 1713 1047 1782 fidissimo
1063 1714 1172 1784 fratre
1185 1720 1221 1784 et

148 1835 347 1904 venerabili
356 1853 399 1904 ac
408 1835 572 1922 prudenti
586 1835 768 1924 episeopo,
783 1843 939 1906 vestram
948 1844 1030 1925 peto
1040 1837 1220 1908 indubiam

150 1958 374 2044 charitatem,
392 1965 429 2026 ut
444 1959 572 2028 domno
591 1959 785 2048 apostolico
808 1965 844 2028 et
865 1963 971 2048 patri
992 1967 1117 2030 nostro
1145 1964 1219 2030 Ar-

149 2085 264 2169 seac‘o,
281 2090 316 2152 et
331 2083 459 2152 ceteris
474 2083 704 2152 familiaribus
717 2084 845 2154 vestris
855 2104 936 2153 eum
949 2085 1216 2171 commendetis,

150 2214 191 2277 et
203 2208 281 2296 ejus
294 2209 568 2278 necessitatibus
583 2213 690 2297 atque
705 2208 971 2278 rationabilibus
994 2209 1218 2297 petitionibus

148 2353 219 2422 pro
234 2333 367 2402 viribus
383 2333 616 2402 concurratis.
633 2333 873 2422 aequoniam,
894 2334 1034 2421 quando
1050 2335 1096 2403 ad
1111 2353 1220 2421 syno-

150 2457 238 2524 dum
254 2457 347 2545 apud
360 2460 491 2526 Trecas
509 2456 598 2540 veni,
615 2476 687 2525 non
708 2457 827 2544 putavi
846 2477 926 2526 eum
948 2478 1028 2526 cum
1041 2458 1219 2545 legatione

148 2580 317 2667 synodali
340 2600 385 2649 ex
404 2580 483 2669 ipsa
501 2582 637 2668 synodo
657 2584 806 2650 Romam
826 2582 966 2667 iturum,
983 2582 1067 2651 talia
1090 2583 1147 2651 vel
1170 2583 1219 2652 ita

147 2704 333 2790 condigna
343 2705 469 2773 exenia
479 2725 618 2774 mecum
630 2723 701 2773 non
713 2706 873 2791 attuli,ut
883 2706 1012 2774 domno
1023 2707 1217 2794 apostolico

147 2834 189 2898 et
205 2830 392 2898 carissiaco
404 2831 510 2916 putri
527 2835 651 2898 nostro
673 2829 843 2915 Arsarata,
861 2849 904 2899 ac
924 2829 1024 2899 vobis
1041 2829 1217 2915 condigne

145 2953 290 3022 mittere
303 2973 449 3042 possem
458 2952 483 3034 ³,
499 2979 515 3016 »
531 2959 599 3022 etc.
615 2953 677 3022 His
689 2959 807 3023 autem
819 2954 1012 3022 instructus
1028 2953 1214 3040 mandatis,

145 3078 340 3162 Amardus,
354 3099 433 3146 cum
447 3082 596 3147 Romam
609 3078 826 3163 advenisset,
844 3079 928 3146 nibil
944 3079 1118 3147 babuerat
1132 3080 1218 3148 anti-

146 3202 257 3290 quius
274 3221 380 3290 quam
394 3207 431 3270 ut
446 3203 653 3272 societatem
679 3224 759 3272 cum
773 3203 850 3272 istis
881 3204 1019 3272 duobus
1047 3205 1216 3273 Romanis

147 3325 282 3412 coiret,
301 3346 435 3415 eosque
449 3327 641 3396 adduceret
655 3333 693 3396 ut
704 3328 930 3396 Hincmarum
943 3328 979 3396 in
991 3329 1097 3397 fldem
1112 3329 1218 3398 clien-

144 3451 329 3538 telamque
346 3471 447 3520 suam
458 3451 669 3541 reciperent.
687 3451 798 3540 Cujus
812 3452 866 3521 rei
877 3451 978 3521 testis
993 3459 1048 3521 est
1067 3454 1215 3522 Hadria-

144 3595 221 3644 nus
246 3578 294 3659 ΙΙ,
321 3576 380 3663 qui
407 3577 548 3664 quidem
573 3577 610 3644 in
632 3596 675 3645 ea
700 3596 805 3664 quam
839 3578 943 3646 modo
976 3578 1215 3647 memorabam

144 3699 315 3788 epistola,
346 3701 504 3770 declarat
532 3700 625 3788 apud
653 3719 693 3768 se
716 3705 790 3769 tres
814 3701 976 3770 homines
1005 3701 1041 3769 in
1070 3719 1215 3769 causam

143 3822 331 3893 Hincmari
350 3822 572 3907 incubuisse,
600 3823 790 3892 Actardum
813 3823 1037 3911 episcopum,
1062 3825 1214 3891 Anasta-

180 4003 206 4048 l.
223 4000 283 4048 «De
293 3997 398 4063 prelatis
408 3997 523 4048 ordinatis
533 3997 657 4062 (Wullado
666 4000 766 4064 ejusque
774 3999 884 4063 collegis)
893 4000 923 4049 ab
933 3998 1033 4050 Arsenio
1042 3998 1130 4062 scripto
1143 3999 1215 4050 inter·

143 4084 248 4140 rogatus
263 4078 359 4142 scriptis
374 4079 490 4128 rationem
506 4077 633 4128 reddidi.»
651 4079 774 4129 Hincmari
790 4080 904 4144 Epistola
915 4079 953 4128 ad
965 4077 1097 4143 nqttn'nem
1111 4079 1213 4144 (Migne,

142 4167 165 4211 t.
182 4158 294 4218 cxxvi,
306 4173 345 4222 ep.
360 4163 383 4220 9,
399 4173 423 4223 p.
437 4157 488 4222 69).
1086 4161 1088 4165 ’

178 4242 205 4289 2.
222 4239 255 4288 V.
266 4239 337 4301 hujus
349 4239 404 4289 libri
421 4244 494 4302 capul
506 4251 541 4289 tv·

180 4321 206 4366 3.
223 4318 345 4380 arianas.
363 4319 475 4381 CXXVl,
491 4333 531 4382 ep.
546 4321 585 4382 38,
600 4333 623 4382 p.
639 4321 694 4369 258.
