2944 5060
288 482 333 532 ssli
506 482 660 533 ULTIMAE
681 478 884 530 anastasii
910 476 1130 528 PALlNODlAE

288 625 451 712 sissimus,
467 627 526 692 hoc
540 645 635 712 papa,
651 632 682 692 et
699 624 733 690 in
754 643 891 691 munere
909 620 1144 690 bibliothecarii
1163 617 1312 688 constitit
1323 617 1349 704 ¹,

289 749 321 808 et
337 761 409 808 eam
432 749 622 828 potestatem
643 761 708 829 qua
731 739 786 806 diu
804 739 948 808 valuerat
965 738 1052 806 inter
1071 736 1237 805 Romanos
1259 733 1350 802 haud

289 855 499 924 imminutam
518 856 663 946 retinuit,
682 875 719 923 eo
734 864 844 923 tamen
858 853 1046 923 discrimine
1060 861 1109 940 ut,
1127 860 1252 919 mutato
1266 871 1351 938 pon-

289 971 382 1039 tificis
396 971 529 1059 ingenio
543 981 639 1060 atque
658 971 783 1054 indole,
800 979 884 1038 artes
902 971 971 1057 ipse
991 979 1087 1058 atque
1110 966 1230 1054 agendi
1248 965 1350 1034 ratio-

289 1105 366 1152 nem
379 1089 514 1174 paulum
528 1087 703 1155 immutare
720 1085 881 1156 debuerit.

332 1202 464 1270 Etenim
474 1203 616 1271 iohanni
629 1201 709 1270 VIII
719 1223 778 1270 nec
788 1211 857 1270 erat
869 1201 982 1269 eadem
992 1201 1046 1268 illa
1057 1199 1160 1268 animi
1169 1197 1348 1287 pertinacia
1447 1215 1448 1266 i

287 1339 352 1406 qua
377 1318 566 1387 Nicolausl
596 1319 632 1385 in
659 1306 826 1406 quosdam
848 1326 1063 1386 assentatores
1097 1317 1349 1402 simulatamque

288 1433 464 1502 amicitiam
486 1455 520 1502 se
540 1434 769 1521 benigniorem
794 1434 988 1521 praebuerat,
1013 1451 1120 1520 neque
1138 1428 1348 1498 liadrianill
1447 1423 1448 1450 ³

288 1551 444 1618 naturalis
462 1550 517 1618 illa
535 1550 722 1619 humanitas
742 1569 779 1617 ac
799 1548 975 1618 liberalitas
988 1569 1088 1637 quam
1103 1545 1300 1616 Anastasius
1315 1544 1349 1611 iu

287 1686 382 1734 suam
406 1666 573 1758 propriam
601 1663 814 1736 ambitionem
840 1673 1020 1738 tentaverat
1050 1671 1249 1736 convertere.
1274 1659 1350 1730 Fuit

287 1779 428 1866 profecto
440 1781 493 1848 hic
507 1780 647 1867 insignis
660 1779 813 1868 pontifex,
830 1778 1024 1868 industrius,
1046 1788 1210 1866 actuosus,
1226 1797 1301 1846 coer
1314 1776 1349 1844 iu

288 1895 387 1963 rebus
409 1895 556 1984 agendis,
586 1897 622 1964 iu
647 1895 866 1982 excogitandis
894 1894 1114 1981 acutissimus,
1141 1893 1256 1980 Italiae,
1281 1913 1347 1961 uon

288 2010 440 2079 Ecclesia
450 2012 555 2079 solum
568 2020 804 2100 propugnator,
819 2031 923 2099 arma,
938 2031 1048 2100 novos,
1063 2009 1222 2078 exercitus
1233 2027 1350 2097 parans

288 2134 385 2214 atque
405 2127 541 2215 ducens,
561 2147 616 2194 rex
643 2113 785 2215 denique
804 2126 904 2195 simul
927 2136 959 2196 et
987 2127 1168 2214 episcopus,
1194 2133 1228 2194 at
1246 2141 1351 2214 neque

287 2241 356 2328 ipse
368 2241 403 2307 in
419 2242 560 2310 sollertia
575 2243 621 2310 ita
633 2243 737 2329 rudis,
749 2261 856 2330 neque
870 2262 908 2310 ea
917 2245 1116 2329 compositus
1128 2240 1350 2310 moderatione

287 2365 324 2422 ut
338 2356 441 2442 decipi
464 2357 599 2445 impune
621 2365 742 2444 posset,
765 2356 859 2444 cujus
880 2357 1028 2426 videlieet
1045 2357 1110 2426 iras
1128 2357 1153 2426 ii
1172 2376 1259 2444 saepe
1276 2376 1350 2424 een·

288 2480 417 2558 serunt,
439 2471 591 2558 quiante
617 2472 770 2541 eumdem
792 2472 976 2544 habuerant
1003 2472 1347 2546 benevolentissimum

288 2597 384 2678 atque
402 2589 670 2662 amicissimum².

331 2703 401 2772 Tali
425 2705 527 2792 igitur
552 2705 717 2792 pontifice,
733 2701 861 2776 cautius
884 2701 1047 2792 agendum
1068 2714 1151 2790 erat,
1170 2724 1232 2780 nco
1258 2725 1347 2793 spem

287 2819 402 2888 habuit
418 2821 612 2890 Anastasius
633 2819 701 2888 fore
722 2828 759 2888 ut
777 2830 885 2908 posset
903 2821 1127 2896 auctoritatem
1142 2821 1346 2910 gratiamque

288 2935 375 3023 apud
388 2935 572 3004 iohannem
587 2937 742 3024 retinere,
759 2936 822 3004 nisi
836 2936 877 3007 ad
889 2935 959 3024 ejus
974 2938 1171 3010 voluntatem
1184 2947 1217 3010 et
1228 2947 1344 3012 nutum

287 3061 393 3118 totum
415 3073 448 3120 se
466 3054 604 3138 fingeret
614 3061 646 3120 et
660 3051 930 3144 accommodaret,
950 3052 1120 3140 magisque
1139 3053 1233 3141 sequi
1248 3071 1343 3142 quem

288 3187 424 3254 praesse
447 3167 622 3240 videretur.
651 3167 745 3250 Quod
771 3189 836 3256 quo
865 3177 956 3256 paeto
981 3167 1268 3256 ingeniosissimus
1296 3167 1343 3238 ille

288 3281 552 3350 bibliothecarius
573 3283 692 3370 egerit,
718 3303 798 3370 quas
824 3282 938 3352 exinde
965 3282 1143 3370 palinodias
1171 3283 1344 3370 cecinerit,

289 3419 377 3466 nuuc
397 3399 540 3486 pretinm
555 3419 660 3486 operae
676 3408 725 3470 est
739 3419 905 3468 enarrare.

333 3514 396 3582 Sed
413 3517 474 3582 hoc
485 3516 576 3602 prius
587 3515 759 3601 admoneo,
775 3534 966 3600 quanquam
980 3515 1047 3586 veri
1065 3524 1114 3586 est
1129 3515 1343 3601 simillimum,

289 3631 514 3716 Anastasiom‚
530 3640 567 3698 ut
584 3631 618 3696 in
633 3649 770 3696 munere
784 3628 1035 3716 bibliothecari,
1052 3629 1148 3698 sicin
1169 3629 1343 3700 scribendis

289 3745 448 3813 iohannis
462 3745 541 3814 Vlll
553 3746 669 3814 litteris
679 3763 913 3830 perseverasse,
926 3751 1036 3816 tamen
1052 3744 1183 3833 quiade
1197 3745 1250 3818 his
1266 3747 1348 3818 Ana·

289 3861 406 3929 stasius
420 3861 500 3928 nihil
517 3860 700 3949 generatim
714 3866 849 3926 testatus
862 3867 922 3946 est,
939 3868 970 3926 et
980 3859 1057 3946 quia
1068 3863 1264 3951 praesertim,
1279 3879 1347 3930 oum

321 4041 343 4086 l.
359 4038 416 4087 Hac
432 4039 484 4103 ipse
499 4038 639 4090 Anastasius
650 4035 680 4085 ad
694 4033 828 4084 iohannem
843 4048 929 4099 papam
946 4035 1020 4087 Vlll:
1037 4051 1052 4083 a
1069 4069 1097 4086 ...
1113 4051 1186 4088 eadm
1201 4035 1346 4088 bibliotheca

288 4122 382 4182 vestroe,
397 4120 465 4182 cujus
480 4120 589 4170 minister
611 4122 690 4167 vestra
713 4113 851 4175 dignatione
873 4114 986 4164 consisto.
1004 4133 1017 4162 ι
1040 4115 1159 4166 nnuma
1180 4117 1300 4182 Profatio
1320 4113 1345 4162 ie

288 4198 415 4259 synodum
433 4199 477 4250 VII
494 4199 598 4264 (Migne,
613 4205 632 4248 t.
646 4193 755 4255 CXXIX,
770 4207 795 4257 p.
809 4193 873 4253 itt).

319 4277 344 4324 2.
362 4279 437 4342 Spero
446 4280 496 4329 hacc
512 4280 593 4330 omnia
602 4278 660 4329 satie
673 4274 800 4326 manileete
816 4272 899 4324 iecisse
909 4273 933 4324 ln
944 4275 1006 4326 libro
1017 4291 1090 4342 quem
1101 4277 1185 4342 scripsi
1195 4277 1225 4330 de
1235 4278 1346 4330 Formo
1447 4293 1448 4298 ¹

288 4370 358 4420 popa
373 4357 407 4421 (p.
421 4360 543 4424 ets-alt).
