2960 5052
268 425 296 474 ll
685 417 906 470 'PROOEMIUM

264 565 568 636 bibliothecarium
578 563 765 652 professus
781 567 847 631 est.
865 561 950 650 EJ‘us
966 555 1060 631 enim
1073 547 1235 650 epistolae
1249 549 1329 630 hae'c

267 697 322 761 est
333 688 533 778 inscriptio:
552 687 729 757 «Domino
745 692 868 756 sancto
883 685 981 755 Patri
993 686 1109 755 Adoni
1123 685 1329 754 venerando

266 813 351 883 mihi
369 818 404 881 et
417 812 519 881 valde
541 812 717 898 diligendo
735 810 1015 899 archiepiscopo,
1032 831 1096 896 epo
1114 783 1330 878 Anastasius

266 942 406 1007 sanctor
436 940 609 1006 Romanae
639 937 798 1005 ccclesia
826 933 1120 1004 bibliothecarius
1143 933 1331 1022 plurimam

265 1067 348 1150 'opto
363 1059 542 1129 salutem¹.
560 1087 585 1122 a
602 1063 703 1128 Patet
721 1058 828 1144 igitur
838 1059 939 1126 illum
953 1059 1190 1142 Anastasium,
1209 1077 1327 1145 quem,

268 1191 305 1253 ut
319 1188 570 1253 narratumest
582 1183 618 1250 iii
631 1182 1037 1268 Annalibusllincmari,
1064 1208 1081 1244 «
1099 1181 1330 1250 bibliotheca-

266 1309 358 1377 rium
386 1293 553 1377 ecclesiae
569 1308 749 1376 'Romanae
775 1307 811 1374 in
836 1306 981 1375 exordio
1001 1305 1232 1375 ordinationis
1254 1325 1330 1374 suae

267 1433 444 1502 Adrianus
471 1431 748 1515 constituerat»,
774 1435 935 1498 nostrum
963 1449 1046 1498 esse
1061 1429 1235 1514 abbatem,
1259 1448 1331 1498 non

270 1557 375 1625 alium
386 1555 509 1624 nescio
524 1574 645 1642 quem;
662 1573 749 1640 ergo
758 1553 925 1641 quidquid
935 1552 1156 1622 recentiores
1166 1552 1277 1621 critici
1286 1554 1331 1621 de

270 1681 406 1749 duobus
421 1678 617 1748 Anastasiis
631 1677 923 1763 bibliothecariis,
941 1678 1035 1746 mala
1054 1676 1121 1762 avi,
1150 1675 1332 1764 conjecta-

268 1812 366 1890 runt,
401 1803 645 1873 commenticia
676 1822 737 1871 res
771 1807 827 1870 est
864 1802 910 1870 ad
952 1821 1072 1870 causae
1110 1801 1333 1870 commodum

271 1929 498 1999 adinventa
564 1964 566 1970 s
857 1911 861 1928 ⁹

317 2056 349 2122 b.
376 2058 451 2122 Hoc
478 2057 594 2122 autem
617 2053 728 2140 probe
755 2049 906 2118 stabilito
927 2055 971 2118 ‘et
986 2051 1069 2134 fixo,
1087 2048 1163 2136 Jam
1179 2033 1334 2137 perspici

245 2187 248 2193 '
269 2183 388 2267 potest
398 2196 504 2264 quam
516 2178 623 2261 longe
639 2175 744 2242 etiam
762 2173 943 2242 averitate
963 2173 1165 2241 desciscant
1184 2173 1243 2261 qui
1264 2175 1333 2240 hoc

270 2277 1333 2384 aliudeffugiumtentavere,nullamscilicetfidemhnnalibus

271 2421 530 2494 Hincmarianis
545 2423 743 2491 habendam
767 2442 861 2508 esse,
889 2423 933 2491 ob
957 2442 1037 2491 eam
1065 2441 1210 2491 causam
1240 2421 1337 2509 quod

271 2553 396 2618 auctor
409 2546 482 2630 ille,
496 2545 532 2612 in
548 2545 668 2615 Galliis
684 2566 763 2614 cum
775 2552 998 2631 versaretur,
1016 2546 1193 2614 hominem
1208 2551 1338 2614 Roma-

272 2691 355 2739 num
375 2689 447 2739 non
470 2669 557 2738 satis
580 2676 700 2739 notum
725 2671 899 2756 habuerit,
930 2691 998 2739 nec
1023 2671 1126 2739 facile
1152 2670 1339 2738 bibliothe-

272 2795 358 2865 carii
394 2814 587 2884 personam
621 2813 642 2863 a
672 2797 882 2883 presbytero
916 2799 950 2865 S.
984 2795 1143 2864 Marcelli
1183 2793 1338 2882 potuerit

272 2917 505 2988 discernere².
544 2922 634 2989 Nam
670 2919 748 3007 quis
787 2920 908 2988 credat
955 2919 1181 2988 Hincmarum
1219 2917 1338 2987 archi-

272 3042 495 3130 episcopum,
516 3043 574 3130 qui
595 3043 673 3130 jam
690 3043 817 3111 abhinc
840 3043 964 3130 viginti
984 3044 1085 3112 annis
1106 3044 1338 3132 epistolarum

271 3165 533 3251 assiduitatem,
576 3186 647 3235 non
692 3169 807 3235 solum
854 3187 934 3236 cum
976 3168 1122 3237 summis
1160 3167 1339 3256 pontifici·

270 3400 374 3452 dationis
385 3400 458 3450 Pater
471 3405 496 3450 et
507 3414 568 3464 papa
581 3406 662 3450 noster
674 3400 786 3450 Nicolaus
800 3401 831 3450 ab
844 3401 889 3451 hac
902 3401 989 3452 misera
1002 3401 1051 3452 vita
1065 3401 1145 3452 idibus
1158 3401 1339 3454 novembrium

270 3481 391 3531 celestem
411 3479 595 3543 beatitudinem,
621 3486 647 3529 ut
664 3480 792 3543 credimus,
810 3481 895 3530 duatus
916 3497 958 3530 uos
977 3482 1075 3531 miseros
1092 3488 1118 3531 et
1129 3482 1199 3532 valde
1219 3480 1340 3533 desolatos

271 3560 377 3625 reliquit.
392 3577 406 3606 »
421 3560 456 3609 Ex
467 3573 514 3624 quo
529 3558 552 3608 id
566 3560 671 3624 primum
684 3558 774 3625 liquido
784 3567 885 3622 constat,
898 3576 953 3610 cum
968 3561 1018 3611 hac
1033 3562 1201 3622 scriberentur,
1215 3567 1339 3612 recentem

271 3655 324 3690 assa
337 3639 429 3690 abitum
443 3637 534 3688 Nicolai
549 3641 567 3689 l.
585 3637 731 3688 Hadrianum
745 3654 800 3689 vara
814 3642 865 3703 jam
886 3640 958 3690 luisse
976 3646 1029 3690 tum
1044 3641 1158 3707 temporis
1172 3647 1340 3692 consecratum

271 3735 300 3769 ex
324 3720 361 3769 his
389 3724 453 3784 patet
469 3738 475 3768 ι
491 3719 636 3768 «Habemus
659 3718 723 3768 enim
750 3719 875 3783 presulem
904 3720 1036 3770 Adrianum
1063 3720 1168 3780 nomine,
1194 3721 1271 3770 virum
1294 3735 1341 3785 per

272 3800 359 3863 omnia,
376 3804 494 3864 quantum
507 3797 538 3847 ad
553 3797 626 3848 bonos
641 3812 718 3848 mores
735 3800 847 3864 pertinet,
866 3799 936 3850 valde
959 3806 1082 3850 strenuum
1106 3807 1131 3850 et
1152 3800 1306 3851 industrium.
1322 3819 1339 3850 a

271 3879 391 3928 damasii
406 3877 526 3943 Epistola
537 3877 573 3927 ad
584 3877 699 3927 Adonem
716 3879 816 3943 (iligna,
831 3886 850 3928 t.
865 3881 974 3942 CXXIX,
989 3897 1014 3946 p.
1029 3882 1129 3945 'lli-2).

305 3961 328 4006 l.
342 3959 434 4020 iligna,
450 3957 521 4020 ibid,
536 3972 561 4022 p.
577 3959 635 4008 tlt.

303 4039 327 4086 2.
348 4038 407 4086 «sd
421 4040 435 4086 e
448 4036 571 4103 probabile
586 4037 631 4088 che
648 4037 734 4087 l'autar
747 4037 812 4100 degli
827 4039 924 4103 Annali,
939 4041 956 4090 il
970 4042 1024 4106 qual
1039 4042 1133 4091 sambra
1149 4040 1265 4105 francesa,
1280 4055 1340 4091 con-

272 4115 381 4166 fondesaa
395 4115 443 4177 agli
457 4133 525 4182 pure,
538 4133 606 4168 come
620 4117 735 4169 tant'altri
756 4118 835 4168 hanno
856 4120 924 4182 tatto,
949 4121 967 4170 il
988 4120 1106 4171 cardinale
1121 4122 1247 4172 Anastasio
1260 4121 1285 4171 di
1299 4123 1340 4172 cui

273 4195 370 4246 abbiam
386 4194 460 4246 fluore
474 4199 576 4262 pariata,
598 4198 635 4249 col
656 4197 820 4249 bibliotecario
833 4199 858 4248 di
874 4201 912 4248 cui
928 4215 955 4250 or
969 4202 1080 4253 dobbiam
1094 4201 1225 4264 regionam.
1242 4221 1254 4249 u
1270 4202 1342 4252 Tira·

273 4273 364 4338 baschi,
377 4275 462 4327 Simia
478 4277 545 4328 della
558 4278 708 4330 letteratara
723 4278 843 4340 italiana,
854 4285 874 4333 t.
888 4281 931 4339 ΙΙΙ,
948 4295 973 4344 p.
987 4283 1041 4335 213.
