2960 5052
257 449 1063 520 0111111111131111110111131111111
1165 453 1193 499 53

127 594 369 676 Anconitanus,
393 593 563 680 Eugenius
591 601 624 660 et
649 591 783 679 PauluS,
812 612 890 660 cum
916 591 1015 660 Petro
1037 590 1194 660 cardinali

128 710 318 798 presbytero
331 706 355 775 ¹.
376 709 478 777 Porro
501 709 620 776 horum
641 707 823 793 legatorum
851 727 949 776 nemo
974 706 1019 774 ita
1045 707 1193 794 linguam

127 844 270 912 graecam
281 823 439 892 didicerat
454 830 491 891 ut
503 843 607 910 grece
621 831 679 889 aut
694 822 785 909 loqui
798 831 855 889 aut
867 821 981 890 audire
995 821 1148 908 potuerit.

172 937 306 1006 Etenim
328 937 368 1004 ab
387 938 457 1025 ipso
476 937 651 1004 Anastasio
674 936 922 1006 bibliothecario
945 936 1129 1024 accepimus
1154 957 1195 1003 ne

127 1073 238 1120 unum
254 1051 387 1138 quidem
406 1051 541 1120 verbum
560 1071 597 1118 er
617 1051 732 1139 grecis
756 1051 897 1140 scriptis,
913 1049 1194 1139 1110111111ῑί-

127 1167 240 1255 nopoli
261 1167 394 1235 recitata
413 1175 509 1253 sunt,
529 1186 548 1233 a
566 1165 755 1236 Rhodosldo
769 1177 801 1236 et
816 1165 970 1236 Zacharia
994 1166 1194 1235 intellectum

128 1279 265 1350 luisse².
283 1281 429 1349 Donatus
444 1301 519 1350 vero
531 1280 670 1370 ejusque
682 1282 773 1369 socii,
789 1290 870 1350 teste
882 1280 995 1350 eodem
1007 1282 1193 1369 Anastasio,

128 1397 228 1466 verba
240 1395 282 1463 ad
296 1416 465 1464 summum
481 1395 616 1483 aliquot,
631 1415 735 1483 eaque
748 1417 813 1465 non
828 1397 907 1466 satis
921 1397 1015 1483 plane
1025 1404 1194 1483 oeperunt,

127 1513 165 1580 in
180 1511 341 1598 colloquio
354 1532 458 1598 graeco
472 1512 560 1600 quod
572 1510 736 1600 Byzantii,
755 1511 933 1598 1111811),
951 1532 1028 1582 cum
1043 1509 1196 1580 Orienta-

129 1627 219 1696 libus
244 1627 359 1714 legatis
384 1629 599 1696 babueruntc
623 1636 726 1696 totam
753 1649 827 1698 vero
853 1627 1014 1696 sermonis
1034 1626 1193 1696 rationem

132 1752 243 1812 mente
255 1743 418 1830 percipere
432 1764 565 1829 prorsus
578 1744 773 1830 nequierant
783 1741 808 1812 ³.
825 1743 974 1832 Denique
999 1743 1040 1810 ad
1059 1743 1195 1811 Petrum

133 1857 219 1944 quod
240 1866 362 1944 spectat
378 1856 513 1945 ejusque
531 1858 680 1944 comitae,
705 1877 742 1926 er
767 1857 858 1926 Actis
878 1858 993 1946 synodi
1007 1856 1195 1946 Byzantinae

135 1993 165 2040 a.
189 1971 252 2040 819
277 1973 406 2059 habite,
431 1973 520 2041 cerni
546 1983 651 2060 potest
674 1975 733 2042 bos
761 1971 1050 2060 sedisapostolicae
1074 1973 1195 2058 legatos

136 2086 280 2154 nonnisi
300 2107 357 2174 per
373 2086 584 2174 interpretem
602 2086 638 2155 in
655 2088 792 2156 concilio
806 2087 911 2174 egisse
921 2086 946 2155 ⁴.

178 2202 308 2282 Quaeret
320 2201 436 2288 aliquis
452 2201 540 2286 unde
554 2201 760 2290 Anastasius,
774 2201 855 2270 dum
866 2202 1005 2270 Romani
1020 2201 1165 2289 plerique
1177 2220 1196 2266 a

134 2337 314 2404 grecorum
333 2315 516 2385 litterarum
536 2315 652 2385 studiis
667 2325 843 2404 cessarent,
865 2327 976 2385 tamen
989 2317 1120 2385 illarum
1133 2314 1196 2384 sibi

137 2431 277 2517 potuerit
299 2439 424 2500 tantam
444 2431 614 2500 seientiam
637 2451 836 2518 comparare.
860 2431 931 2520 Ego
950 2432 1084 2519 quidem
1103 2433 1197 2501 vehe-

134 2554 262 2614 menter
283 2546 430 2634 snspicor
456 2565 534 2614 eum
557 2545 715 2633 juvenem
742 2567 761 2614 a
787 2545 906 2615 Graecis
931 2548 1099 2616 monacbis
1127 2566 1197 2615 esse

135 2661 335 2749 institutum,
359 2671 456 2749 atque
476 2683 512 2731 er
531 2663 593 2730 hoc
615 2661 703 2730 lonte
724 2662 925 2752 singularem
945 2662 1134 2751 qnamdam,
1160 2673 1197 2729 ut

165 2872 188 2919 l.
217 2867 243 2918 V.
264 2867 386 2920 lobannis
411 2869 470 2919 Vlll
488 2869 620 2935 epistolae,
645 2885 685 2935 ap.
704 2870 798 2933 iligna,
822 2876 843 2919 t.
861 2871 971 2933 CXXVI,
1004 2884 1042 2933 ep.
1066 2869 1123 2930 216,
1142 2870 1197 2928 211,

135 2963 160 3012 p.
173 2950 254 2998 aare.

163 3033 189 3078 1.
208 3028 305 3078 allisit
324 3027 444 3093 (Nicoleus
453 3029 475 3093 1)
499 3028 728 3093 Constantinopolim
749 3030 842 3092 missos,
866 3028 1012 3079 liodoaldum
1028 3028 1121 3080 scilicet
1139 3030 1199 3079 Por·

133 3112 244 3157 tuensom
263 3114 288 3158 st
307 3109 447 3158 Zachariam
465 3109 619 3170 Anagninum
633 3111 766 3174 episcopas,
783 3115 855 3172 atque
868 3109 990 3159 litteras...
1004 3109 1201 3160 Pervenientibus

135 3185 209 3247 igitur
222 3187 302 3236 missis
312 3187 448 3252 apostalice
465 3189 529 3238 sedis
542 3189 782 3254 Constantinopolim,
800 3195 825 3238 et
840 3189 940 3239 concilio
952 3195 1107 3252 congregato,
1124 3190 1200 3238 Graeci

134 3265 247 3328 epistolas
268 3267 432 3331 suscipientes,
453 3268 570 3333 quidquid
587 3269 612 3317 in
633 3269 667 3318 eis
684 3274 736 3317 eret
753 3282 796 3332 pro
813 3269 907 3330 Ignatia
925 3268 964 3318 rel
985 3273 1067 3318 contra
1087 3268 1201 3319 Pbotium

134 3345 292 3408 inverterunt,
307 3347 485 3410 subtraxerant,
500 3355 525 3398 et
537 3349 563 3396 in
577 3347 676 3398 concilio
692 3347 740 3409 legi
757 3347 857 3397 minime
874 3346 1024 3412 pertulerunt
1038 3363 1045 3398 t
1060 3347 1140 3397 missis
1153 3349 1201 3396 Ro-

136 3426 212 3474 manis
239 3425 299 3489 quid
327 3426 444 3489 legerent,
466 3427 554 3492 quidve
577 3443 624 3477 nou
649 3427 767 3489 legerent,
793 3428 929 3478 nullatenus
952 3428 1201 3489 intelligentibus...»

136 3505 168 3553 V.
180 3506 299 3554 Anastasii
313 3508 421 3567 Prasat.
436 3507 464 3556 in
483 3508 615 3571 synodum
633 3507 699 3566 Vlll,
718 3522 757 3571 ap.
771 3507 863 3572 Migne,
879 3509 908 3558 Ρ.
920 3510 957 3572 1.,
972 3515 991 3558 1.
1007 3508 1115 3566 cxxix,
1127 3521 1151 3570 p.
1163 3509 1203 3556 12.

167 3586 191 3633 3.
209 3585 336 3634 oFactum
349 3591 386 3634 est
402 3591 429 3634 ut
444 3585 561 3650 quidquid
575 3587 676 3637 Romani
689 3593 822 3636 assererent
834 3601 878 3637 nec
893 3587 999 3638 Orientis
1015 3586 1061 3636 loci
1074 3591 1204 3636 servatores

138 3677 181 3713 nec
194 3664 313 3725 Volgares
327 3665 393 3713 missi
407 3665 569 3727 intelligerent
574 3681 583 3728 ;
597 3672 622 3716 et
641 3681 722 3715 rursus
737 3666 853 3732 quidquid
872 3666 1004 3718 orientales
1023 3667 1139 3729 dicerent,
1160 3679 1204 3713 nec

137 3743 236 3793 Romani
256 3743 299 3792 loci
318 3751 449 3795 servatores
471 3761 514 3795 nec
537 3746 698 3807 Vulgarorum
721 3747 787 3794 missi
804 3755 981 3808 cognoscerent.
1005 3748 1069 3796 Dum
1093 3743 1205 3794 uidelicet

138 3822 216 3872 nullus
229 3823 324 3874 adesset
338 3825 383 3873 nisi
399 3840 460 3874 unus
473 3826 624 3890 imperatoris
639 3826 765 3890 interpres,
777 3828 818 3890 qui
832 3842 876 3876 nec
887 3829 1046 3876 Romanorum
1060 3839 1104 3873 neo
1118 3824 1204 3874 Orien-

138 3901 223 3951 talium
240 3902 286 3952 loci
302 3911 450 3954 serratorum
466 3921 534 3956 voces
549 3905 619 3954 aliter
636 3905 741 3955 audebat
758 3907 837 3970 edere,
854 3907 900 3955 nisi
920 3913 947 3956 ut
959 3908 1011 3969 jam
1029 3905 1159 3969 imperator
1175 3905 1204 3953 ad

141 3982 317 4032 subversionem
331 3985 493 4046 vulgarorum
505 3987 642 4050 imperarat.
658 4003 671 4033 1
692 3985 764 4048 lbid.,
778 4001 802 4050 p.
819 3989 860 4037 21.

171 4062 194 4110 1.
220 4063 309 4127 Πέτρος
330 4065 344 4112 ὁ
364 4065 545 4121 1111161111111
570 4064 728 4130 πρεσὸύτερος
753 4067 794 4114 nal
819 4065 954 4130 καρδινὰλις
977 4063 1021 4112 τοῦ
1046 4064 1204 4114 ἀποστολικοῡ

142 4138 233 4205 θρόνου,
247 4141 286 4192 διὰ
297 4146 399 4202 Λέοντος
413 4147 538 4210 βασιλικοῦ
553 4145 767 4212 πρωτοπαθαρίου
779 4147 820 4196 nul
836 4147 954 4211 ἑρμηνέως
971 4144 1106 4196 διελάλεσεν
1120 4144 1204 4200 οὕτως.

143 4219 175 4271 V.
189 4223 253 4273 Acta
278 4225 379 4276 concilii
398 4226 531 4277 Constant.
553 4241 576 4279 a.
606 4228 651 4278 811
679 4225 768 4289 babiti,
796 4242 853 4278 sess.
877 4227 909 4286 ll,
938 4240 975 4290 ap.
1002 4225 1089 4289 Coleti,
1113 4232 1132 4275 t.
1161 4225 1204 4287 XI,

146 4315 169 4364 p.
182 4303 236 4353 360.
