2960 5052
273 460 304 510 dd
572 455 620 506 DE
640 455 843 508 thasrasu
864 453 1038 514 burethe,

273 598 468 668 nominatim
477 597 633 685 loquitur,
648 598 731 666 banc
750 605 916 684 nuncupat
932 620 949 661 a
962 595 1111 682 linguam
1123 591 1285 661 nostram¹
1297 618 1338 662 u.

272 711 385 800 Neque
404 711 439 778 id
459 711 495 778 in
516 712 639 779 serium
660 713 796 780 omnino
815 709 1007 779 vertendum
1025 719 1086 797 cst,
1111 730 1187 777 cum
1212 709 1339 778 scilicet

272 827 326 895 ille
349 846 444 894 suam
465 827 613 913 linguam
635 827 774 915 patriam
795 847 861 893 non
882 845 952 894 esse
974 824 1037 893 sibi
1060 825 1144 892 bene
1168 825 1337 910 cognitam

273 941 457 1030 significat3
489 941 577 1029 quod
610 941 756 1029 quidem,
780 962 840 1028 pro
866 940 938 1028 ejus
967 939 1133 1026 moribus,
1162 939 1266 1025 magis
1291 940 1337 1007 ad

272 1061 520 1130 ostentationem
540 1060 717 1147 modestiae,
732 1081 831 1148 quam
851 1059 1049 1128 conscientia
1068 1058 1147 1146 quid
1162 1059 1192 1126 ei
1210 1060 1337 1126 deesset

273 1175 427 1262 scientiae,
442 1175 565 1242 dictum
583 1193 652 1243 esse
666 1175 817 1242 arbitror.
833 1174 865 1242 ls
880 1175 969 1241 enim
984 1174 1261 1261 bibliothecarius,
1276 1172 1336 1261 qui

272 1310 356 1376 saepe
375 1290 410 1356 in
426 1291 523 1358 rebus
535 1290 635 1375 gestis
656 1290 781 1376 ingenii
796 1289 928 1376 superbi
947 1289 1088 1376 speciem
1104 1287 1337 1376 ambitiosique

272 1405 374 1493 dedit,
388 1405 423 1472 in
436 1405 563 1492 scriptis
573 1404 641 1473 suis
651 1404 844 1473 modestiam
857 1405 980 1474 solebat
991 1425 1057 1491 prae
1070 1424 1103 1472 se
1113 1401 1229 1491 ferre²,
1240 1413 1338 1492 atque

273 1541 425 1590 excusare
434 1520 651 1608 ignorantiam
661 1541 754 1588 suam
767 1540 880 1589 earum
891 1541 1015 1607 rerum,
1025 1540 1106 1607 quas
1117 1527 1229 1587 tamen
1240 1538 1338 1587 nossa

271 1636 558 1726 persuasissimum
579 1633 751 1704 habebat³.
775 1638 979 1723 Quapropter
997 1635 1079 1703 illud
1099 1634 1239 1703 minime
1259 1655 1337 1702 eon·

273 1751 446 1820 sectarium
457 1760 517 1838 est,
529 1751 613 1838 quod
624 1751 750 1839 primus
758 1751 838 1818 olim
849 1749 983 1838 protulit
992 1749 1157 1818 Johannes
1165 1748 1335 1836 Mabillon,

273 1865 485 1934 Anastasium
513 1865 605 1934 illum
624 1865 919 1953 bibliothecarium,
935 1884 972 1933 ex
993 1859 1095 1952 ipsius
1118 1863 1337 1952 confessione,

303 2094 329 2139 1.
346 2087 511 2150 «Notandum,
525 2086 569 2148 ait,
587 2085 649 2151 quod
662 2084 775 2136 nonnulla
788 2100 841 2150 que
858 2084 932 2136 latina
945 2085 1044 2135 luerunt
1057 2084 1131 2147 edita,
1148 2084 1267 2134 Latinitas
1281 2084 1337 2134 iuu-

273 2168 337 2217 ditus
349 2167 411 2217 mole
422 2166 548 2216 oblivionis
557 2166 642 2215 obruta
654 2165 809 2230 deplorasset,
823 2165 869 2214 uisi
884 2180 912 2214 ex
925 2167 1062 2215 Gracorum
1076 2171 1130 2228 post
1142 2164 1207 2214 sonte
1221 2163 1337 2214 librorum

273 2247 323 2296 hec
334 2248 420 2296 hausta
433 2245 554 2294 sitibundo
568 2252 664 2309 pectore
678 2245 855 2310 resumpsisset,
874 2246 936 2294 sicut
954 2244 1078 2310 epistolam
1092 2244 1155 2293 beati
1169 2258 1238 2308 pape
1251 2243 1339 2294 Felicis

273 2327 299 2375 in
320 2328 419 2376 Petrum
439 2325 583 2374 sententiam
601 2325 759 2388 proterentem
781 2325 964 2375 antiochenum.
987 2324 1100 2384 Quinimo
1122 2324 1185 2373 siout
1206 2329 1231 2373 et
1257 2323 1339 2388 ipsum

273 2418 371 2469 quoque
389 2401 545 2466 Clementem,
564 2417 636 2467 quem
660 2404 759 2453 Rufinus
780 2408 874 2454 norbae
892 2405 983 2468 linquae
1001 2403 1130 2466 redditum,
1155 2403 1294 2453 restitutum
1312 2407 1339 2451 et

274 2483 414 2533 redeuntem
430 2482 459 2531 ad
481 2482 643 2533 Gaudentium
664 2483 771 2533 scribens
785 2483 865 2534 innuit
877 2499 885 2534 a
897 2489 922 2535 et
945 2483 1009 2549 quod
1022 2483 1095 2533 latine
1110 2482 1214 2547 scriptus
1226 2483 1300 2532 luerit
1312 2487 1339 2532 et

274 2563 383 2623 amissus,
398 2577 527 2627 rursusque
540 2569 649 2628 receptus
662 2563 785 2626 signanter
797 2564 911 2614 ostendit.
925 2581 939 2612 a
953 2564 1045 2626 Migne,
1059 2563 1132 2624 idid,
1146 2578 1171 2627 p.
1186 2563 1243 2614 toa.

305 2650 330 2693 2.
347 2642 451 2693 Soleuua
458 2642 505 2691 luit
513 2644 648 2708 Anastasio,
654 2658 709 2693 cum
720 2658 827 2706 grecum
836 2644 928 2708 aliquid
939 2649 1052 2706 verteret,
1062 2643 1141 2694 dicere
1151 2657 1176 2692 se
1183 2641 1213 2692 ad
1223 2641 1248 2692 id
1258 2641 1339 2707 operis

274 2723 372 2773 minime
386 2731 478 2788 aptum,
494 2723 536 2773 sed
544 2723 618 2786 jhssis
630 2725 752 2788 paruisse:
764 2741 778 2772 a
789 2724 867 2783 Quem
883 2723 1019 2785 (codicem),
1032 2723 1118 2787 iuquit,
1131 2723 1246 2772 sanctitas
1257 2729 1339 2772 restra

275 2809 344 2866 grato
357 2804 489 2870 suspiciens
500 2804 588 2866 animo,
603 2803 662 2852 mihi
677 2804 707 2853 ad
720 2803 913 2854 transferendum
927 2803 953 2852 in
966 2804 1076 2854 Latinam
1086 2801 1186 2852 tradidit
1194 2802 1339 2865 dictionem,

274 2883 304 2933 ad
316 2883 379 2949 quod
388 2900 449 2949 opus
459 2899 505 2946 ego
517 2884 630 2934 idoneum
641 2898 693 2933 esse
705 2898 744 2933 me
753 2883 882 2947 denegari,
892 2883 949 2933 licet
962 2883 987 2932 in
1000 2883 1184 2948 interpretandis
1197 2898 1226 2932 ex
1240 2881 1340 2932 archivo

274 2964 300 3012 in
309 2965 443 3013 Romanum
453 2978 587 3013 sermonem
597 2964 719 3027 seripturis
730 2964 840 3026 presenti
856 2969 964 3028 tempore
976 2963 1095 3028 quoddam
1107 2977 1221 3012 conamen
1232 2961 1340 3026 arripere

275 3043 346 3105 nitar,
366 3049 390 3092 et
408 3043 519 3093 nonnulla
531 3045 580 3106 jam
593 3042 624 3092 ad
640 3042 818 3092 aedificationem
838 3043 1005 3108 plurimorum,
1027 3049 1051 3092 et
1073 3043 1191 3106 praecipue
1209 3041 1342 3092 decessoris

276 3121 348 3170 vestri
355 3121 450 3171 hortatu
458 3123 626 3187 interpretatus
636 3121 739 3172 edidisse
748 3137 886 3184 cognoscar.
893 3139 906 3170 e
913 3123 1031 3174 Anastasii
1039 3123 1162 3186 Praefatio
1170 3124 1196 3171 a'o
1205 3123 1340 3186 Sertorium

276 3207 392 3250 octauam
402 3201 503 3264 (iligna,
513 3207 533 3250 t.
544 3202 650 3266 CXXIX,
660 3195 688 3266 p.'
695 3203 745 3267 ¹8).
756 3203 796 3253 Sic
806 3203 879 3252 etiarn
890 3205 968 3264 Petro,
980 3202 1106 3253 Catinensi
1116 3202 1236 3266 episcopo,
1246 3203 1339 3252 scribe-

276 3278 333 3328 bat:
345 3297 356 3325 a
365 3280 423 3331 Mihi
435 3282 562 3345 precipere
571 3281 676 3345 voluisti,
684 3281 750 3346 quod
759 3283 892 3346 passionem
903 3283 968 3332 mille
977 3281 1207 3347 quadringentorum
1216 3284 1341 3343 octoginta

276 3365 408 3424 martyrum
428 3359 489 3425 apud
505 3362 599 3410 Grecos
615 3361 723 3410 habitam
739 3362 822 3411 Latino
838 3362 957 3412 traderem
973 3362 1076 3426 eloquio.
1095 3361 1174 3423 Quod,
1190 3361 1340 3412 considerata

276 3439 398 3503 imperitia
415 3439 542 3488 scientiole
554 3453 622 3501 mee,
632 3441 738 3505 primum
751 3441 849 3505 quidem
861 3441 905 3491 hoc
919 3443 1018 3504 aggredi
1031 3457 1078 3492 non
1087 3441 1236 3506 presumpsi,
1252 3431 1339 3492 deiude

276 3535 341 3582 reru,
361 3519 495 3584 paternitati
509 3526 557 3569 ture
575 3520 715 3570 inobediens
729 3536 843 3585 apparere
858 3521 988 3585 retugiens,
1005 3523 1081 3585 parui,
1103 3528 1136 3582 et,
1155 3521 1217 3586 quod
1232 3521 1338 3584 jussisti,

276 3601 369 3650 caelitus
379 3599 483 3662 adjutus,
494 3597 594 3662 expleri,
610 3599 700 3649 malens
715 3615 788 3660 penes
804 3601 885 3650 doctos
905 3601 936 3650 de
954 3601 1078 3650 inscientia
1096 3600 1248 3666 reprehendi,
1265 3615 1339 3664 quam

276 3681 339 3745 apud
348 3680 517 3744 paternitatem
524 3685 589 3728 tuam
598 3694 641 3742 pro
649 3680 808 3730 inobedientia
818 3680 1080 3745 culpabilisexhiberi.a
1090 3681 1339 3745 Anastasiil’roloqtte

276 3761 303 3810 itt
315 3760 459 3812 Passionem
476 3757 681 3810 MCCCCLXXX
688 3764 833 3823 martyram
847 3761 949 3824 (iligna,
965 3767 985 3811 t.
998 3761 1106 3822 CXXIX,
1119 3776 1144 3826 p.
1158 3763 1224 3823 tlt).

306 3843 331 3892 3.
347 3839 487 3892 hamtesire
508 3838 542 3888 ita
561 3837 671 3888 conscius
691 3845 743 3888 arat
759 3853 805 3889 uon
824 3840 901 3890 solum
918 3840 1018 3890 latinam
1034 3841 1151 3904 linguam,
1171 3840 1341 3890 verumetiam

278 3934 380 3981 grecam
395 3918 535 3986 percellere,
552 3923 588 3981 ut,
607 3917 627 3967 si
641 3918 682 3982 qui
694 3925 775 3968 essent
787 3919 970 3970 translationum
982 3935 1080 3970 suarum
1098 3921 1278 3983 obtrectatores,
1299 3935 1343 3970 eos

277 4001 385 4064 asperius
405 4000 590 4066 reprehenderet
603 3999 668 4064 quod
680 3999 726 4061 ipsi
740 4006 865 4065 utramque
878 3999 986 4062 linguam
997 4001 1140 4062 ignorarent.
1154 4017 1169 4047 a
1179 4000 1242 4064 Scio,
1253 4000 1342 4064 iuquit,

280 4079 395 4142 quosdam
409 4096 455 4131 nou
476 4081 579 4131 scientes
593 4079 717 4144 utriusque
736 4079 850 4130 idiomata
865 4079 953 4142 lingua
967 4081 1153 4145 interpretationi
1166 4095 1225 4130 mear
1238 4079 1343 4142 deroga-

278 4165 353 4221 turos,
364 4165 389 4208 et
398 4174 436 4210 me
446 4176 474 4210 aa
484 4175 607 4227 passurum
617 4175 669 4226 qua
679 4161 797 4224 quondam
808 4159 957 4211 illecelertis
966 4160 1115 4210 bibliothece
1124 4158 1200 4210 cultor
1208 4161 1244 4224 (S.
1254 4159 1342 4210 lliaro-

278 4237 375 4302 nymus)
389 4252 404 4285 a
419 4240 469 4289 suis
483 4241 574 4291 emulis
600 4239 697 4304 pertulit
706 4256 729 4301 a,
745 4245 791 4289 etc.
806 4241 923 4290 anastasii
939 4240 1054 4308 Epistola
1069 4239 1342 4304 aestuamusque,

279 4327 298 4369 t.
311 4317 419 4380 CXXlX,
435 4333 459 4382 p.
472 4321 538 4383 lid).
