3006 5050
455 443 498 498 ET
522 442 741 494 cohaesere
765 443 807 492 ΕΤ
833 441 1015 494 ntcravtr
1222 448 1265 498 tlt

201 585 383 670 historicos,
416 585 576 654 iohannis
618 583 694 656 VIII
723 586 938 675 temporibus
966 588 1003 656 in
1029 586 1170 656 latinum
1200 607 1267 658 ser·

201 721 333 770 monem
357 699 550 770 convertit¹.

244 817 374 886 Liceret
397 816 532 885 fortasse
551 818 652 886 etiarn
675 817 710 884 in
728 816 842 886 eadem
857 816 982 886 Nicolai
1007 817 1046 886 ad
1073 818 1266 890 Michaclem

200 933 335 1023 epistola
346 932 444 1018 {aliud
458 942 569 1002 notare
588 933 675 1022 quod
688 933 853 1002 Anastasii
874 953 1011 1002 manum
1026 934 1169 1023 detegat,
1189 957 1266 1006 cum

199 1069 319 1136 nempe
333 1049 471 1138 scrIptor·
485 1048 669 1134 pontificius
683 1068 737 1116 eos
761 1048 956 1136 interpretes
978 1051 1139 1120 acerrime
1157 1069 1268 1138 repre·

198 1165 315 1234 hendit
329 1165 400 1253 qui,
416 1164 506 1233 nulla
520 1163 647 1232 ratione
660 1162 772 1230 hahita
792 1164 963 1251 utriusque
979 1164 1113 1253 linguas,
1128 1166 1266 1236 verbum

199 1302 259 1368 pro
274 1280 372 1348 verbo
386 1281 430 1348 ita
446 1277 600 1363 reddunt,
617 1288 653 1346 ut
677 1278 744 1366 jam
768 1279 850 1346 nihil
864 1279 1002 1366 intelligi
1017 1281 1155 1371 queat23
1177 1283 1266 1370 quod

197 1417 306 1481 genus
324 1394 532 1483 preripiendi
555 1393 642 1481 apud
660 1393 872 1462 anastasium
887 1393 1190 1482 frequentissimum
1205 1409 1265 1488 est,

198 1520 233 1580 et
257 1511 352 1599 quasi
375 1511 510 1598 repetita
537 1509 670 1578 crambe
682 1507 706 1578 ³.
731 1510 777 1578 At
802 1510 881 1579 satis
909 1511 1066 1580 hactenus
1090 1533 1267 1600 argumen-

198 1636 310 1694 torum
335 1635 395 1694 est.
755 1613 757 1617 ⁸

246 1743 279 1810 3.
304 1741 472 1810 Habemus
488 1740 577 1810 enim
586 1735 841 1810 disertissimum
851 1740 898 1810 rei
908 1741 1150 1832 testimonium3
1163 1744 1266 1815 hahe-

198 1877 276 1925 mus
294 1858 505 1924 confitentem
522 1856 633 1945 ipsum
647 1856 873 1944 Anastasiou,
889 1865 986 1943 aque
1005 1877 1043 1925 er
1062 1879 1100 1926 eo
1115 1860 1266 1929 novimus

198 1981 233 2040 et
256 1992 290 2040 se
313 1972 491 2059 scripsisse,
513 1971 549 2038 in
575 1992 670 2040 causa
691 1969 864 2059 Photinus,
888 1991 1003 2040 omnes
1028 1994 1119 2059 paenc
1139 1973 1265 2045 litteras

198 2110 408 2158 summorum
421 2090 626 2178 pontificum,
652 2099 683 2158 et
702 2111 766 2178 qua
782 2089 908 2158 ratione
927 2091 1103 2178 scripserit.

246 2205 347 2293 liujus
368 2205 601 2275 testificationis
616 2215 654 2274 ut
667 2206 715 2274 vis
728 2214 795 2274 tota
806 2205 1024 2294 intelligatur,
1038 2209 1107 2275 haec
1122 2207 1263 2278 sciamus

234 2399 257 2445 l.
275 2395 305 2444 V.
318 2394 410 2456 Migua,
421 2396 448 2446 Ρ.
465 2394 512 2459 G„
522 2400 542 2445 t.
557 2396 646 2459 CVlll,
659 2410 684 2460 p.
704 2398 850 2447 tter-tlte.
870 2396 908 2446 Cl.
923 2395 1103 2461 Appendiccnr.
1188 2413 1191 2420 ·

232 2477 256 2524 2.
275 2473 326 2526 «Si
340 2474 391 2537 jam
410 2489 473 2539 sape
487 2474 635 2525 nomInatam
649 2474 759 2536 linguam
773 2473 892 2539 (latinam)
904 2476 957 2526 ideo
970 2475 1096 2526 barbaram
1110 2479 1264 2542 nuncupatis,

196 2553 312 2618 quoniam
326 2568 340 2602 a
353 2553 536 2603 translatoribus
553 2554 578 2602 iu
593 2567 696 2614 grecam
714 2543 845 2604 dictionem
857 2560 959 2619 mamm,
978 2555 1138 2606 barbarismos
1156 2563 1264 2620 generat,

196 2648 248 2682 non
265 2633 354 2695 lingue
377 2633 465 2695 latina,
484 2634 525 2683 scd
549 2633 620 2698 culpa
642 2639 688 2697 est,
708 2641 736 2684 ut
762 2635 897 2699 opInamur,
914 2635 1081 2699 interpretum,
1099 2637 1149 2702 qui,
1168 2639 1265 2702 quando

197 2729 297 2763 necesse
306 2718 352 2776 est,
364 2728 413 2762 non
423 2727 519 2762 sensum
529 2728 543 2762 e
552 2728 633 2774 sensu,
649 2713 691 2764 aed
700 2714 816 2765 violenter
827 2716 927 2766 verbum
936 2716 1008 2767 cdere
1014 2722 1131 2767 conantur
1139 2733 1152 2768 e
1159 2718 1242 2770 serbo.
1249 2735 1264 2766 a

196 2793 292 2842 Nicolai
306 2793 390 2857 Epist.
405 2793 441 2844 nd
453 2793 604 2844 Michaelem
618 2793 714 2858 (Colati,
729 2800 748 2846 t.
765 2791 850 2860 IX,'p.
867 2797 949 2860 1320).

231 2875 255 2922 3.
273 2873 422 2937 Anastasius,
438 2873 462 2922 in
475 2873 523 2922 suis
535 2873 669 2936 Prooemiis,
685 2874 778 2924 nullum
793 2875 872 2925 locum
881 2875 1035 2940 pretermisit
1048 2875 1148 2926 lectores
1162 2890 1264 2941 premo·

196 2952 272 3002 nendi
300 2953 361 3002 hanc
389 2967 441 3004 essa
468 2954 512 3003 sihi
539 2954 712 3018 interpretandi
740 2956 865 3013 rationem,
897 2971 945 3021 qua
978 2957 1076 3022 quidem
1098 2956 1152 3021 ipsa
1180 2958 1264 3018 rerba,

196 3038 315 3097 quantum
333 3033 385 3083 lieri
403 3037 491 3098 potest,
514 3034 653 3098 reddantur,
670 3036 794 3086 sententiaa
814 3043 896 3087 tamen
915 3043 1029 3087 maneant
1045 3037 1145 3100 integris
1161 3045 1186 3089 et
1200 3038 1264 3088 dilu-

196 3114 268 3163 cide.
280 3115 337 3164 Hac
346 3115 412 3164 enim
426 3114 467 3164 illa
481 3115 510 3166 ad
528 3115 664 3166 Iohannem
677 3114 804 3166 diaconum
820 3131 827 3166 ε
846 3134 858 3162 a
871 3117 964 3166 Verum
974 3131 1016 3168 uos
1030 3117 1065 3166 sic
1074 3123 1099 3167 et
1112 3118 1163 3168 haec
1180 3124 1205 3169 et
1218 3118 1264 3170 alia

198 3194 374 3258 interpretandi
387 3195 536 3259 propositum
551 3195 706 3260 sumpsimus,
722 3202 750 3246 ut
765 3211 810 3246 nec
829 3197 860 3245 ah
875 3196 926 3262 ipsa
941 3197 1069 3248 verborum
1090 3213 1265 3264 usquequaque

195 3273 378 3323 circumstantia
392 3273 527 3324 discessisse
541 3289 675 3335 noscamur,
691 3291 736 3326 nec
753 3291 795 3340 pro
809 3291 878 3340 posse
897 3291 912 3325 a
932 3291 1014 3332 muana
1029 3277 1130 3328 raritate
1148 3278 1264 3328 decidima

195 3341 350 3402 videamurnr
362 3354 482 3403 hamtesir
492 3354 575 3418 Epist.
584 3355 621 3405 ud
629 3354 768 3406 Iohannem
779 3356 846 3406 diac.
859 3357 961 3422 (Migus,
973 3362 992 3407 t.
1004 3357 1113 3421 CXXIX,
1124 3361 1222 3423 poce).
1233 3359 1265 3408 Ει

195 3434 224 3482 iu
243 3433 398 3498 Praefationc
411 3435 438 3484 in
451 3434 584 3499 synodum
604 3436 659 3486 VIII
672 3450 680 3484 :
698 3437 884 3500 «Interpretare
898 3437 973 3498 igitur
989 3437 1051 3488 hauc
1070 3444 1178 3488 sanctam
1192 3452 1263 3502 syno-

194 3513 270 3576 dum,
284 3514 385 3563 rerbum
398 3529 412 3564 e
423 3515 507 3577 rarho,
525 3521 641 3578 quantum
658 3515 749 3565 idioma
767 3515 868 3566 latinum
884 3516 1002 3581 permisit,
1022 3517 1128 3581 excerpsi
1133 3531 1142 3582 ;
1154 3531 1263 3568 nonnun-

193 3607 271 3656 quam
292 3608 358 3654 rero,
380 3599 491 3644 manente
512 3609 597 3657 sensu,
618 3595 821 3646 constructionem
843 3611 946 3660 graecam
967 3597 992 3646 in
1012 3597 1112 3648 latinam
1132 3597 1264 3648 necessarlo

193 3674 375 3723 commutari.»
393 3673 479 3738 (Ibid,
499 3689 524 3739 p.
549 3675 598 3739 l8.)
626 3674 695 3726 Haud
713 3675 783 3726 aliter
797 3677 904 3727 scribens
917 3677 1000 3728 illaad
1012 3676 1125 3728 Carolum
1139 3675 1240 3728 Calvum
1255 3695 1262 3728 a

195 3769 213 3800 (ι
224 3754 363 3804 Passionem
375 3753 450 3804 sancti
460 3755 638 3820 hieromartyris
649 3755 759 3820 Dionysii
769 3757 890 3821 quondam
898 3758 1076 3822 Areopagitae...
1087 3756 1162 3807 latiare
1172 3755 1265 3820 cloquio

193 3833 294 3896 tradidi,
313 3841 428 3898 quantum
444 3835 521 3898 potui,
545 3836 675 3887 auxillante
697 3838 758 3901 Deo,
781 3843 807 3888 ct
829 3837 850 3888 si
868 3853 916 3888 non
930 3853 959 3888 ax
972 3842 1024 3889 toto
1037 3836 1140 3886 verbum
1154 3851 1167 3886 a
1181 3836 1263 3901 serbo,

193 3929 296 3964 sensum
316 3920 397 3964 tamen
420 3915 516 3978 penitus
537 3916 690 3966 hauriens.»
713 3918 833 3968 Auastraii
852 3919 937 3982 Epist.
959 3918 996 3967 ad
1013 3916 1135 3968 Carnium
1156 3915 1264 3966 Calvum

195 3994 301 4056 (Migne,
314 3993 383 4056 ibid,
399 4008 423 4057 p.
438 3994 502 4058 rat).
515 3993 582 4044 ldern
595 3995 729 4045 Iohannem
744 3998 844 4048 Scotum
858 3997 936 4060 carpit
944 3997 990 4046 hoc
1000 3996 1070 4047 modo
1083 4009 1090 4046 r
1105 3997 1186 4062 «quia
1197 4002 1265 4047 tauto

191 4072 276 4122 studio
287 4073 388 4122 verbum
400 4073 430 4124 da
443 4075 516 4124 verbo
528 4073 614 4124 elicere
627 4077 770 4140 procurant,
785 4076 849 4141 quod
860 4091 935 4139 genua
945 4076 1158 4141 interpretationis,
1173 4077 1230 4130 licet
1240 4085 1265 4128 et

192 4154 200 4202 i
205 4167 248 4218 pse
257 4151 398 4218 plerumque
412 4167 508 4218 sequar,
521 4161 638 4218 quantum
653 4155 758 4206 illustres
771 4157 913 4221 interpretes
927 4155 1013 4220 vitant,
1022 4158 1180 4222 tuaprolacto
1191 4157 1265 4209 solers

191 4232 344 4297 experientia
364 4248 410 4282 non
433 4234 563 4294 ignorat.»
584 4227 703 4287 anastasii
722 4236 836 4300 Epa'stolu
852 4236 889 4287 ud
904 4237 1024 4288 carolum
1040 4238 1145 4290 Calvum
1161 4238 1263 4304 (iligna,

195 4313 382 4378 raro.,p.rae).
