2944 5060
289 421 339 495 aas·
657 425 851 492 liranum
877 439 990 490 amon

289 583 437 655 inflectite,
463 599 499 638 ne
521 581 627 638 diebus
642 581 710 651 suis,
730 579 799 636 dum
821 582 897 637 valet
911 581 987 654 apud
1001 597 1084 637 suum
1098 580 1298 652 imperatorem
1315 581 1341 634 et

289 689 435 728 summum
445 671 625 744 pontificem,
640 670 766 728 Ecclesia
776 669 892 740 Christi,
907 675 937 726 at
947 670 1073 726 maxime
1087 670 1233 744 prima¹...
1247 670 1342 726 Taliter

291 779 406 819 merear
420 765 513 818 vestra
528 760 563 817 de
578 761 766 835 prosperitate
779 777 895 834 semper
909 761 1047 833 gaudere.

744 908 899 964 Ennomon.

326 1034 435 1106 Adjuro
453 1037 551 1090 autem
566 1036 598 1089 ut
612 1033 747 1090 omnibus
767 1031 959 1105 metropolitis
978 1030 1137 1088 Galliarum
1156 1029 1340 1096 intimetisne,
1432 1035 1433 1038 ’

291 1124 315 1179 si
329 1124 375 1179 hic
391 1123 501 1179 tactum
512 1123 599 1179 fuerit
609 1123 774 1190 concilium,
792 1122 832 1178 sic
848 1121 930 1194 quasi
941 1121 1191 1194 recuperationem
1206 1120 1249 1176 sui
1261 1123 1341 1176 status

291 1217 491 1285 assequantur,
521 1216 552 1268 ut
577 1212 607 1267 in
636 1211 853 1284 derogationem
887 1210 1016 1266 defuncti
1033 1211 1164 1282 praesulis
1193 1209 1338 1282 prosiliant

291 1303 436 1374 Praecipue
450 1318 517 1358 vero
534 1318 601 1356 cum
615 1302 693 1356 hunc
707 1303 801 1357 nullus
813 1300 1006 1372 redarguerit,
1021 1302 1050 1355 et
1064 1299 1153 1356 modo
1169 1299 1218 1372 qui
1234 1296 1341 1371 objectis

291 1390 463 1463 respondeat
474 1407 533 1445 non
549 1390 680 1462 supersit,
698 1390 827 1463 quamvis
841 1390 890 1446 ille
901 1407 952 1446 nec
963 1386 1054 1450 e02...
1063 1389 1211 1460 publicam
1224 1386 1341 1460 gesserit,

292 1497 344 1535 nec
359 1479 462 1535 haeresi
481 1496 622 1551 unquam,
638 1483 670 1534 ut
682 1479 804 1551 fingunt,
821 1479 965 1544 annuerit,
981 1478 1033 1534 sed
1047 1479 1109 1533 zelo
1124 1478 1177 1533 Dei
1191 1477 1267 1551 quod
1285 1492 1342 1548 ope·

292 1573 406 1624 ratur...
418 1567 440 1625 ³.
457 1568 537 1624 Unde
559 1568 648 1624 etiam
668 1569 761 1624 scribo
776 1568 857 1624 vobis
872 1575 899 1625 et
911 1585 963 1640 per
974 1569 1066 1623 Deum
1081 1571 1226 1624 contestor
1240 1584 1274 1622 ne
1286 1582 1343 1621 con·

293 1658 422 1714 sentiatis
432 1674 527 1730 neque
540 1657 715 1730 approbetis,
727 1657 819 1713 immo
831 1657 967 1713 resistatis
977 1657 1012 1712 iis
1022 1673 1086 1730 quae
1097 1661 1200 1713 contra
1209 1656 1344 1712 Nicolaum

292 1765 400 1822 papam
410 1747 463 1819 agi
476 1750 636 1816 tentantur,
653 1747 790 1819 quoniam
800 1746 959 1804 'auctoritas
972 1746 1057 1818 hujus
1073 1745 1205 1803 Ecclesiae
1218 1761 1284 1802 mox
1295 1743 1345 1800 dis

294 1844 424 1916 solvitur,
439 1845 461 1900 si
474 1846 571 1917 presul
584 1844 657 1902 et...
674 1843 826 1903 addicitur.

696 2032 954 2090 nnlllauvansm

327 2176 354 2215 ΙΝ
382 2175 463 2216 ratur
490 2179 503 2211 (t
520 2174 655 2214 AVUNCULl
680 2175 738 2226 tlltl,
766 2174 860 2213 vasra1
890 2173 994 2214 VERO...
1029 2172 1138 2214 sustitit
1159 2177 1175 2208 t)
1203 2171 1320 2215 HENDOSE

558 2271 587 2312 ln
607 2271 760 2311 SUPERIORE
778 2271 908 2312 aeternna
927 2271 1089 2312 DESCRIPTUM

333 2401 423 2460 Hune
441 2417 565 2478 quoque
581 2398 696 2477 locum,
714 2403 747 2460 ut
761 2398 838 2460 alios
852 2398 969 2478 plures,
986 2406 1170 2479 corruptum
1185 2418 1254 2462 esse
1265 2414 1348 2460 nemo

295 2524 356 2567 non
371 2505 469 2583 videt,
485 2523 558 2568 cum
573 2505 684 2566 saltem
697 2509 769 2566 ante
793 2505 939 2568 uArsenii
950 2529 965 2566 n
989 2507 1108 2587 aliquid
1122 2508 1232 2569 deesse
1242 2507 1348 2587 pateat.
1435 2510 1436 2538 ³

293 2614 450 2673 Praeterea
463 2629 537 2673 cum
550 2631 587 2672 ex
600 2613 784 2691 gravissimo
797 2613 958 2675 Hincmeri
973 2614 1148 2677 testimonio
1167 2615 1262 2693 (nunc
1276 2611 1350 2674 enim

294 2718 454 2795 omnibus,
472 2718 579 2796 credo,
604 2719 680 2780 satis
698 2722 746 2780 est
764 2719 964 2783 manifestum
980 2739 1075 2801 quam
1095 2720 1177 2783 bene
1197 2717 1350 2782 Remeusis

293 2825 344 2886 ille
367 2824 621 2905 archiepiscopus
643 2845 715 2886 cum
733 2826 948 2902 Anastasium,
974 2832 1041 2889 tum
1062 2827 1231 2890 Arsenium
1251 2829 1350 2888 uotum

293 2932 465 3011 habuerit),
492 2935 586 3012 atque
606 2950 643 2996 ex
664 2933 822 3009 universa,
845 2936 880 2996 ut
903 2933 947 2996 ita
971 2935 1085 3012 dicam,
1110 2933 1205 3015 hujus
1221 2931 1349 2995 historie

294 3039 530 3118 compositione,
555 3038 615 3101 hcc
635 3040 674 3102 sit
693 3060 749 3121 pro
766 3047 850 3105 certo
864 3042 1046 3105 habendum
1060 3043 1227 3105 Anastasio
1247 3040 1349 3106 biblio·

293 3144 433 3208 thecario
447 3149 571 3226 patrem
582 3147 749 3208 Arsenium
762 3149 868 3228 fuisse,
885 3149 958 3211 hinc
971 3168 1098 3212 necesse
1113 3152 1161 3211 est
1175 3149 1351 3230 colligamus

295 3251 431 3313 scribam
460 3250 553 3331 hujus
583 3254 769 3335 exemplaris
793 3259 848 3319 aut
872 3274 987 3319 nomen
1010 3257 1263 3319 «avunculum»
1281 3255 1350 3318 allu-

296 3358 428 3420 cinando
442 3358 565 3438 legisse,
582 3362 637 3421 aut
651 3379 824 3441 pronomen
845 3384 860 3422 u
873 3363 934 3425 mei
948 3386 963 3424 u
982 3364 1051 3425 loco
1071 3364 1242 3427 oscitanter
1252 3363 1350 3426 demo·

297 3464 389 3528 visse.
424 3465 480 3526 Cui
504 3465 670 3544 posteriori
698 3468 887 3549 conjecturae
908 3489 964 3532 cur
986 3488 1044 3550 ego
1068 3471 1171 3551 potius
1195 3470 1348 3542 assentiar,

297 3575 390 3651 atque
404 3571 576 3634 existimem
592 3573 686 3653 hujus
700 3575 887 3656 exemplaris
899 3578 1084 3657 scriptorem
1097 3577 1128 3638 in
1143 3576 1204 3640 hcc
1215 3593 1350 3658 peccasse

296 3678 381 3757 quod
399 3696 572 3759 pronomen
590 3702 604 3734 a
620 3679 682 3741 mci
700 3703 713 3735 u
730 3681 820 3743 alteri
838 3682 1017 3762 pronomini
1038 3682 1163 3746 «vestri
1176 3705 1191 3742 o
1211 3680 1349 3746 transcri-

295 3784 399 3847 bendo
420 3787 637 3866 preposuerit,
662 3788 711 3850 hae
733 3793 806 3852 sunt
822 3809 926 3854 causae
946 3791 1035 3868 duae3
1055 3789 1209 3871 primum,
1226 3791 1299 3872 quia
1312 3789 1348 3850 sic

297 3893 408 3956 scribae
422 3894 515 3974 culpa
529 3894 650 3957 facilius
666 3896 859 3977 intelligitur,
884 3917 956 3962 cnm
978 3899 1017 3961 sit
1036 3898 1229 3978 imprudenti
1254 3893 1347 3962 lectori

331 4085 354 4133 t.
371 4081 444 4132 Plura
458 4082 631 4135 desiderantur.

331 4165 356 4212 2.
372 4163 447 4214 Deest
457 4163 556 4230 aliquid.

331 4244 355 4292 3.
372 4243 458 4294 Manca
471 4251 509 4294 est
519 4244 640 4309 periodus.

333 4323 356 4370 l.
375 4323 447 4372 Deest
461 4323 559 4388 aliquid.
