2954 5050
286 427 331 476 leo
372 423 576 476 subsalsi!
597 421 790 472 INGENIUM
810 421 858 472 EX
878 421 1079 472 crissatis
1099 420 1258 472 Niconis
1279 422 1290 470 l

329 567 403 636 Non
416 575 566 634 nostrum
583 571 632 633 est
652 584 806 633 enarrare
825 563 946 651 quibus
960 563 1000 631 de
1014 564 1122 631 causis
1136 563 1354 654 HincmaruS,

285 683 319 750 id
333 681 420 770 quod
434 689 602 767 tantopere
618 677 783 766 cupiebat,
800 699 818 746 a
832 678 944 747 Leone
959 697 1041 766 papa
1055 677 1104 746 IV
1119 677 1267 747 obtinere
1283 700 1355 748 non

284 796 442 884 potuerit3
460 803 493 862 at
507 795 704 862 Benedictus
720 792 780 878 III,
801 802 839 862 ut
857 794 1004 880 primum
1019 795 1103 860 Acta
1122 793 1237 881 synodi
1252 792 1357 862 Sues·

286 911 416 979 sionicae
431 918 462 978 et
476 910 605 978 decreta
618 909 753 998 recepit,
769 911 837 977 hac
852 918 921 976 rata
934 911 1188 996 confirmataque
1202 931 1356 996 pronun·

285 1026 388 1113 tiavit,
409 1046 446 1093 ea
462 1033 574 1093 tamen
588 1023 780 1093 condicione
795 1026 822 1092 si
836 1043 888 1092 res
908 1044 943 1092 se
958 1022 1002 1092 ita
1017 1024 1209 1093 habuissent
1225 1033 1264 1091 ut
1282 1035 1357 1094 erat

284 1140 383 1208 iubis
396 1140 525 1229 scriptis
540 1138 714 1208 relatum¹.
740 1138 819 1219 Quae
838 1159 915 1207 sane
935 1139 1129 1226 pontificalis
1145 1140 1353 1228 approbatio,

286 1257 321 1324 in
342 1276 419 1343 qua,
448 1263 580 1342 propter
600 1254 690 1321 illam
708 1254 949 1341 condicionem,
971 1254 1158 1341 suspicandi
1178 1255 1354 1324 liberarat

284 1372 387 1457 locuS,
412 1368 653 1456 archiepiscopo
671 1367 829 1437 Remensi
859 1369 1024 1438 cumulate
1047 1368 1125 1437 satis
1154 1369 1260 1438 facere
1284 1391 1353 1438 non

286 1495 422 1573 poterat.

330 1600 457 1687 ltaque,
472 1620 549 1668 curn
562 1598 716 1667 Nicolaus
728 1599 763 1666 in
782 1600 893 1668 sedem
907 1599 1118 1687 apostolicam
1132 1599 1351 1687 successisset,

286 1716 497 1802 Hincmarus,
516 1734 627 1783 mense
642 1714 748 1801 Aprili
766 1715 846 1782 anni
863 1715 941 1802 863,
961 1735 1018 1802 per
1037 1714 1184 1784 Odonem
1205 1713 1353 1784 Bellova-

285 1851 417 1901 censem
430 1829 651 1920 episcopumi,
666 1831 706 1898 ab
722 1849 760 1898 eo
770 1849 852 1918 papa
862 1840 1011 1917 precatus
1023 1840 1093 1898 erat
1106 1838 1145 1897 ut
1155 1831 1354 1899 sententiam
1462 1833 1463 1883 l

316 2030 339 2076 l.
357 2025 511 2088 Hincmarus,
530 2039 578 2088 qua
596 2024 689 2074 ratione
703 2029 728 2074 et
749 2038 796 2088 quo
811 2028 919 2088 tempore
938 2024 1002 2072 hanc
1019 2023 1217 2088 approbationem
1230 2025 1356 2075 Benedicti

285 2105 331 2154 sibi
359 2105 451 2168 lecerit,
474 2105 508 2154 sic
525 2106 577 2168 ipse
597 2108 688 2167 narrat,
712 2103 820 2153 scribens
842 2103 871 2152 ad
899 2103 1046 2153 Nicolaum:
1063 2103 1172 2154 «Missos
1192 2119 1249 2153 cum
1268 2104 1357 2155 litteris

286 2188 389 2237 Romam
403 2185 486 2246 direxi,
503 2184 590 2249 quibus
600 2184 625 2232 in
634 2184 674 2233 via
684 2183 784 2234 nuntius
793 2184 860 2234 venit
871 2183 901 2234 ds
912 2183 980 2234 obitu
994 2199 1062 2248 pape
1077 2184 1172 2233 Leonis.
1182 2184 1357 2235 Pervenientes

285 2271 366 2315 autem
390 2267 493 2315 Romam
515 2279 572 2313 cum
592 2263 696 2329 praelatis
719 2263 815 2324 litteris,
831 2269 856 2314 et
878 2263 1092 2314 intervenientibus
1103 2263 1224 2328 praedictis
1238 2267 1358 2330 episcopis

287 2347 370 2405 (Petro
387 2343 484 2393 Aretiuo
498 2349 523 2392 et
537 2347 607 2394 Petro
622 2344 764 2409 Spoletina),
780 2343 882 2394 domnus
895 2344 992 2394 nomine
1006 2349 1031 2394 et
1042 2345 1121 2406 gratia
1137 2345 1285 2396 Benedictus
1298 2347 1357 2395 mibi

286 2421 350 2488 quod
362 2423 438 2472 nostis
450 2422 606 2487 privilegium
614 2423 671 2473 inde
683 2423 796 2474 direxit.»
813 2424 937 2473 Hincmari
948 2424 1031 2488 Epist.
1043 2423 1078 2474 ad
1086 2424 1221 2474 Nicolaum
1229 2425 1245 2473 Ι
1253 2425 1356 2489 (iligna,

275 2509 306 2566 t.
330 2504 440 2567 CXXVl,
459 2518 483 2565 p.
508 2505 557 2568 85).
579 2504 684 2563 Quodsi
702 2503 795 2554 Nicolai
808 2503 902 2554 litteras
918 2505 986 2568 sequi
999 2503 1109 2565 velimus,
1125 2505 1270 2555 Hincmarus
1284 2506 1354 2568 igno·
1462 2517 1463 2528 ¹

287 2584 364 2633 rantia
381 2583 506 2634 Benedicti
521 2586 565 2648 111,
580 2590 633 2634 tum
650 2585 752 2635 recentis
766 2600 843 2650 papa,
860 2586 949 2634 abusus
962 2589 1033 2635 esset.
1048 2587 1106 2635 Hac
1119 2585 1183 2635 enim
1204 2587 1354 2647 Anastasius,

286 2679 309 2713 a.
325 2664 380 2728 866,
395 2679 423 2714 aa
436 2664 527 2714 Nicolai
544 2680 645 2730 persona
658 2665 779 2715 scribebat
794 2665 824 2715 ad
846 2666 968 2731 episcopos
987 2664 1069 2716 Gallie
1089 2681 1096 2714 z
1117 2667 1251 2731 ecumque
1269 2673 1356 2716 sanctes

285 2745 407 2795 memoria
430 2746 582 2808 Benedictus,
600 2745 637 2796 rir
657 2745 812 2810 apostolicus,
836 2746 858 2796 ei
883 2746 969 2810 (Leoni
989 2745 1035 2809 IV)
1056 2746 1212 2796 successisset
1229 2747 1253 2794 in
1272 2747 1355 2797 ordine

285 2825 448 2890 pontificatus,
471 2841 553 2875 rursus
567 2825 712 2876 reverendus
729 2825 873 2875 Hincmarus
890 2840 957 2874 arma
976 2832 1103 2890 praeparat,
1123 2834 1147 2876 et
1165 2826 1246 2876 eidem
1264 2841 1356 2876 summo

286 2905 389 2971 praesuli,
403 2911 518 2970 tanquam
531 2921 628 2955 suarum
643 2906 766 2971 inexperto
781 2905 953 2967 versutiarum,
971 2905 1073 2955 latenter
1090 2905 1203 2970 subripit,
1220 2910 1245 2955 et
1263 2905 1288 2954 in
1307 2907 1356 2970 ipso

287 2986 471 3036 consecrationis
491 2988 544 3049 ejus
563 2986 689 3050 principio,
709 2984 795 3035 suadet
815 2991 842 3035 ut
859 2985 988 3034 concilium
1007 2984 1106 3049 quidem
1124 2985 1155 3034 ad
1179 2992 1264 3036 retum
1286 2987 1355 3035 unius

286 3065 391 3116 hominis
407 3070 581 3127 congregatum
603 3066 709 3115 firmaret
731 3080 738 3115 :
764 3072 910 3116 nontamen
932 3064 955 3114 ei
974 3063 1023 3114 ullo
1042 3065 1112 3115 modo
1131 3065 1281 3131 subripiant
1300 3081 1353 3115 sua-

286 3145 337 3194 deri
360 3146 438 3209 potuit
456 3151 484 3194 ut
498 3161 512 3194 a
528 3147 601 3208 juste
620 3145 771 3196 diffinitionis
787 3151 813 3196 et
826 3145 1005 3196 discretissima
1023 3145 1190 3196 moderationis
1208 3147 1304 3195 tramite
1318 3145 1354 3195 rel

286 3225 460 3288 aliquantulum
482 3224 621 3275 declinaret.
640 3227 825 3290 Verumtamen,
847 3226 910 3276 sicut
926 3225 1008 3275 videre
1021 3231 1068 3288 est,
1086 3231 1111 3275 et
1130 3225 1177 3289 ipsi
1192 3227 1243 3288 J'am
1257 3225 1353 3275 forsitan

286 3304 429 3369 agnovistis,
444 3305 479 3353 ita
491 3319 534 3369 per
553 3304 673 3370 quoddam
687 3307 711 3356 ei
727 3305 882 3370 privilegium
899 3320 1038 3356 concessum
1052 3304 1118 3354 illius
1128 3305 1224 3356 concilii
1239 3305 1354 3356 roboravit

286 3387 434 3446 institutum,
448 3391 475 3434 ut
489 3385 639 3435 auctoritatis
650 3399 769 3436 summam
781 3386 831 3435 sedi
846 3384 980 3450 apostolicas
993 3390 1136 3449 reservaret,
1151 3392 1185 3449 et,
1197 3385 1353 3448 utrobisjam

287 3466 437 3531 scripsimus,
452 3465 485 3514 ita
499 3465 585 3514 tribuit
603 3465 719 3516 honorem
734 3465 813 3527 alteri,
831 3470 858 3514 ut
876 3464 922 3514 sibi
935 3465 999 3529 quod
1013 3465 1136 3516 tribuebat
1149 3479 1197 3516 non
1212 3465 1350 3516 demetata

285 3545 377 3596 Nicolai
392 3546 476 3610 Epist.
491 3545 528 3595 ud
539 3546 615 3610 episc.
633 3560 702 3596 conc.
721 3545 876 3596 suessionici
890 3544 994 3608 (Migne,
1013 3550 1033 3594 t.
1049 3545 1134 3610 cxlx,
1150 3561 1175 3610 p.
1190 3547 1274 3610 1096).
1289 3545 1354 3606 Quod

286 3626 352 3676 idem
362 3626 413 3676 iere
424 3625 529 3690 reperies
541 3626 567 3674 in
581 3626 690 3690 ejusdem
701 3626 731 3674 ad
744 3626 902 3675 Hincmarum
916 3624 1020 3689 epistola
1035 3625 1138 3690 (Migne,
1150 3625 1223 3690 ibid„
1237 3641 1262 3690 p.
1279 3627 1353 3688 lllll).

286 3706 378 3755 Datum
400 3711 437 3754 est
460 3705 535 3767 igitur
556 3704 602 3754 hoc
625 3703 750 3756 Benedicti
773 3704 930 3768 privilegium
946 3704 1047 3754 ineunte
1064 3719 1150 3754 mense
1167 3704 1267 3755 Octobri
1279 3719 1303 3754 a.
1315 3706 1354 3754 855

288 3787 323 3849 (r.
338 3785 406 3845 tace,
422 3799 448 3834 n.
462 3786 548 3848 2664);
562 3785 627 3849 typis
641 3787 721 3833 autem
734 3783 876 3834 mandatum
889 3788 952 3834 esta
967 3784 1055 3834 Jacobo
1069 3784 1181 3835 sirmond
1196 3785 1231 3848 (r.
1247 3783 1355 3834 Concita

288 3864 386 3925 Gallica,
408 3871 427 3914 t.
443 3866 487 3928 ΙΙΙ,
503 3881 529 3930 p.
551 3863 616 3928 ΙΙΙΙ),
634 3879 662 3913 ex
682 3863 763 3912 codice
780 3864 941 3928 manuscripto
956 3863 1036 3913 saecrrli
1051 3865 1115 3927 noni,
1132 3863 1173 3929 qui
1191 3868 1270 3914 exstat
1284 3863 1355 3914 adbuc

288 3944 313 3992 in
340 3943 486 3995 bibliotheca
510 3943 666 3995 Laudunensi
692 3942 726 4007 (v.
759 3943 899 4008 Cotoioquc
925 3943 1032 4010 pichol
1057 3945 1103 3994 des
1132 3945 1288 3994 manuscrits
1314 3942 1354 3994 aa

288 4021 471 4090 bibliotheque
479 4025 615 4091 publiqucs
629 4024 673 4074 des
687 4022 886 4088 deparicmeats,
900 4030 920 4074 t.
933 4026 953 4088 1,
972 4039 997 4089 p.
1011 4026 1066 4088 209,
1082 4039 1107 4073 n.
1121 4025 1188 4089 tol).

324 4103 349 4153 2.
366 4104 412 4162 Qui
425 4105 528 4156 maxime
541 4107 642 4174 Romam
657 4108 756 4154 venerat
769 4108 796 4152 ut
809 4103 839 4152 ad
856 4104 982 4154 Nicolaum
1000 4105 1012 4154 Ι
1029 4104 1134 4154 deferret
1148 4105 1209 4155 Acta
1220 4103 1353 4154 recentioris

293 4182 545 4249 spuodiSuessionica,
556 4187 581 4235 in
593 4201 640 4251 qua
651 4191 703 4236 erat
714 4184 841 4234 damnatus
850 4184 983 4236 Bothadus.
994 4187 1026 4236 V.
1033 4183 1126 4234 Nicolai
1136 4185 1222 4250 Epist.
1231 4183 1267 4234 cd
1281 4184 1352 4248 episc.

292 4273 348 4324 syo.
364 4261 493 4314 Suession.
506 4265 608 4330 (trigue,
623 4273 642 4317 t.
655 4266 743 4326 CXIX,
758 4279 783 4329 p.
799 4265 865 4326 830).
