3006 5050
494 485 656 538 stitutus
677 485 919 538 os‘rttttntrutt
1191 491 1234 540 131

177 627 266 694 ditur
287 624 444 696 orationis
469 625 504 694 in
528 625 765 698 defendendam
790 630 1015 699 Romanorum
1042 633 1233 720 pontificum

175 742 417 829 praestantiam
444 743 532 830 quod
556 752 665 813 autem
687 744 727 812 ed
750 743 910 834 Spiritum
936 757 1086 816 sanctum
1113 759 1235 836 spectat

176 857 344 944 expeditur
355 857 453 926 unica
469 858 601 945 periodo
615 858 638 927 ¹.

220 972 297 1041 Haec
317 972 451 1060 quidem
476 974 613 1043 aliarum
640 977 856 1061 questionum
883 976 1068 1067 declinatio,
1095 977 1233 1048 aliarum

175 1088 290 1156 crebra
304 1089 510 1176 conquisitio,
526 1089 657 1159 Nicolao
671 1093 770 1159 etiam
790 1092 964 1162 tribuenda
983 1105 1044 1180 est,
1066 1095 1123 1182 qui
1144 1095 1233 1163 illam

175 1207 428 1275 controversiam
464 1205 504 1275 de
528 1207 640 1298 qratia
664 1220 694 1276 et
717 1209 816 1278 libero
840 1209 991 1298 arbitrio,
1015 1211 1050 1281 in
1074 1232 1140 1299 que
1162 1221 1234 1280 tum

176 1321 328 1389 catholici
344 1320 580 1391 dissentiebant
597 1343 634 1392 ac
652 1323 786 1394 lortasse
799 1325 992 1396 dissentient
1007 1327 1042 1394 in
1057 1336 1229 1415 aeternum,

175 1458 243 1505 non
268 1448 490 1526 opportunum
515 1459 584 1507 esse
614 1459 652 1508 er
677 1441 866 1509 auctoritate
885 1442 1060 1528 pontificali
1080 1443 1233 1512 decidere

171 1550 379 1639 judicaverit,
398 1554 519 1640 quique
531 1564 684 1642 praeterea
696 1555 982 1642 persuasissimum
999 1557 1139 1626 habebat
1154 1557 1237 1626 nihil

177 1667 355 1756 quidquam
384 1669 501 1736 melius
527 1669 568 1737 ad
592 1691 644 1740 res
664 1672 856 1741 christianas
871 1670 1029 1760 conferre,
1045 1694 1144 1760 quam
1158 1695 1234 1742 cum

177 1784 289 1851 omnia
306 1783 346 1851 ad
364 1792 485 1852 nutum
503 1782 643 1854 Romani
659 1786 820 1874 pontificis
834 1796 1040 1874 gererentur.
1057 1789 1102 1854 At
1116 1789 1238 1874 episto-

176 1900 286 1967 larum
300 1898 422 1966 Nicolai
437 1900 597 1988 conditor,
608 1901 802 1970 Anastasius
816 1910 938 1989 noster,
950 1901 991 1969 ad
1005 1904 1073 1970 haec
1087 1904 1238 1972 nonnihil

176 2035 236 2102 pro
248 2034 308 2082 sua
322 2023 412 2100 parte
426 2015 577 2102 contulit,
592 2017 662 2103 qui,
682 2037 758 2085 cum
774 2016 879 2104 magis
894 2027 978 2086 esset
992 2017 1126 2086 historia
1138 2040 1239 2106 quam

176 2129 379 2216 philosophia
400 2141 456 2198 aut
470 2130 629 2218 theologia
650 2131 811 2218 eruditus,
834 2151 941 2219 neque
957 2132 993 2198 iu
1017 2133 1065 2202 eis
1085 2154 1158 2220 quae
1177 2135 1240 2204 alta

177 2245 451 2332 contemplatione
478 2246 670 2331 dogmatum
697 2247 908 2314 eontinentur
933 2257 990 2314 aut
1014 2247 1157 2318 studiose
1183 2259 1239 2318 aut

178 2361 321 2427 multum
335 2360 525 2449 volutatusl,
538 2371 609 2428 tum
623 2362 775 2450 maxime,
796 2381 943 2430 summos
957 2362 1125 2449 pontifices
1137 2365 1238 2432 extol-

177 2474 287 2561 lendo,
309 2475 350 2544 de
371 2476 566 2545 utilitatibus
581 2476 649 2545 suis
663 2476 837 2563 cogitabat.

223 2589 287 2660 Via
302 2590 392 2659 enim
405 2591 586 2660 Nicolausl
607 2612 776 2659 summum
791 2592 1017 2680 pontificatum
1032 2594 1238 2681 obtinuerat,

175 2727 255 2810 ,cum
285 2705 477 2776 Anastasius
509 2706 667 2775 intellexit
701 2707 782 2775 nihil
820 2709 926 2795 aptius
960 2710 1138 2796 quidquam
1168 2728 1240 2778 esse

208 2895 232 2944 l.
250 2891 309 2950 Quae
329 2891 379 2941 hec
401 2897 438 2942 est
454 2907 461 2941 ε
479 2893 620 2942 «Praeterea
639 2891 670 2942 de
684 2891 835 2956 processione
856 2893 960 2957 Spiritus
980 2892 1056 2943 sancti
1074 2891 1128 2956 quis
1147 2891 1239 2943 nesciat

176 2971 362 3034 illustratorum,
375 2978 400 3021 et
414 2973 531 3038 precipue
545 2973 651 3031 Latinos,
668 2971 782 3022 nonnulle
795 2973 925 3036 scripsisse,
943 2987 1045 3036 quorum
1061 2972 1115 3022 lulti
1133 2973 1239 3022 auctori-

176 3053 276 3114 tatibus,
292 3053 391 3103 istorum
407 3053 562 3117 (Graecorum)
576 3052 664 3117 oppido
676 3067 733 3102 seue
751 3053 895 3116 respondere
910 3067 1032 3118 possemus
1045 3053 1152 3114 insaniae,
1165 3053 1185 3102 si
1201 3053 1240 3103 rel

177 3133 225 3183 illis
239 3148 283 3182 nos
297 3132 495 3198 reprehendendi,
508 3131 547 3182 rel
562 3133 630 3182 nobis
648 3133 682 3182 eis
696 3133 842 3183 contentiosa
854 3133 922 3182 leuce
936 3133 1107 3194 gannientibus
1120 3133 1238 3183 rationem

177 3214 291 3264 reddendi
307 3214 452 3264 consuetudo
468 3213 581 3278 qualibet
594 3213 740 3263 exstitisset?
754 3231 765 3258 o
790 3213 927 3278 inquibus,
949 3219 977 3262 ut
992 3213 1073 3263 ridere
1088 3220 1134 3278 est,
1149 3229 1239 3276 magna

177 3292 275 3356 quidem
292 3293 367 3344 Greci
382 3293 475 3343 erroris·
486 3292 615 3356 despectio,
635 3292 746 3342 relutatio
760 3297 840 3341 autom
855 3291 928 3342 nulla.
945 3294 976 3342 V.
994 3293 1085 3342 Nicolai
1101 3296 1184 3358 Epist.
1203 3296 1240 3345 od

177 3373 346 3422 Hincmorttm
359 3373 454 3437 (coleti,
470 3378 489 3422 1.
513 3374 556 3435 IX,
571 3387 595 3436 p.
612 3375 687 3434 ttet;
709 3373 802 3434 origne,
828 3377 847 3420 t.
867 3373 952 3436 CXIX,
974 3388 998 3437 p.
1019 3376 1100 3435 titt).
1125 3374 1239 3424 Nonnihil

177 3453 251 3502 etiem
266 3452 290 3500 in
305 3451 393 3502 litteris
407 3453 498 3502 Nicolai
514 3452 543 3500 de
558 3467 627 3501 carne
643 3459 668 3501 et
681 3452 770 3501 deitate
784 3451 874 3501 Christi
893 3453 1026 3516 expositum
1042 3459 1089 3515 est,
1103 3453 1145 3502 sed
1160 3452 1240 3502 verbis

178 3532 336 3596 paucissimis.
362 3533 402 3594 (V.
419 3532 510 3582 Nicolai
534 3531 615 3596 spot.
632 3531 668 3581 ud
682 3531 778 3582 ortem.
802 3519 890 3594 putr.;
911 3532 997 3596 Coleti‚
1022 3532 1091 3596 ibid,
1112 3548 1137 3596 p.
1162 3534 1239 3594 13123

177 3612 270 3674 bligne,
282 3611 353 3674 ibit,
366 3628 391 3676 p.
407 3615 451 3663 855
466 3616 491 3662 et
501 3611 566 3676 195.)
582 3610 691 3674 Denique
704 3611 727 3659 in
739 3610 786 3660 illis
799 3612 930 3676 Responsio
944 3613 982 3662 od
993 3613 1128 3676 Bulqaros,
1139 3625 1201 3675 que,
1212 3617 1240 3659 ut

178 3691 276 3756 rehquae
292 3691 382 3742 Nicolai
395 3691 490 3754 littere,
504 3691 629 3741 Anastasio
644 3690 770 3740 tribuenda
782 3691 900 3752 ridentur,
914 3691 1066 3741 ostendebam
1080 3692 1104 3739 in
1117 3691 1239 3740 Formoso

178 3787 232 3821 meo
243 3771 374 3822 declinatas
392 3771 464 3822 luisse
481 3770 650 3835 explicationes
663 3769 813 3831 dogmatum.
831 3773 863 3822 V.
880 3772 912 3821 Le
922 3785 991 3836 pape
1004 3773 1129 3832 Formoee,
1146 3784 1170 3834 p.
1184 3771 1238 3832 166,

178 3866 203 3901 n.
216 3853 241 3904 2.

207 3935 233 3982 2.
250 3934 305 3995 Ipse
325 3931 408 3995 semel,
427 3946 470 3980 suo
488 3931 593 3980 scribens
609 3931 717 3992 nomine,
738 3931 896 3994 questionem
919 3929 986 3980 illam
999 3930 1029 3979 de
1043 3929 1134 3993 Spiritu
1157 3933 1240 3978 sancto

177 4011 302 4076 peululum
317 4011 408 4076 attigit,
425 4010 477 4072 sed,
493 4025 631 4076 quanquam
644 4017 696 4060 turn
712 4017 775 4060 esset
791 4016 860 4060 utute
874 4009 1077 4075 provectionum
1092 4008 1240 4070 singularem

178 4092 305 4154 theologias
314 4091 438 4141 scientiam
448 4091 493 4141 sibi
508 4105 657 4156 comparasse
669 4090 773 4140 ridetur.
786 4091 818 4141 V.
830 4089 949 4140 Anastasii
960 4089 1043 4152 Epist.
1053 4089 1089 4138 od
1097 4088 1241 4139 Jobuaucm

180 4175 248 4224 diac.
275 4172 378 4237 (Migne,
402 4177 422 4220 t.
446 4171 556 4234 CXXIX,
579 4186 604 4234 p.
628 4172 722 4234 tet-7).
741 4172 820 4234 Atque
834 4169 906 4229 idem,
927 4182 981 4216 cum
1001 4168 1025 4216 in
1039 4170 1195 4228 Proefutione
1213 4170 1241 4219 in

180 4253 315 4317 synodum
325 4252 383 4302 VIII
395 4251 509 4302 Photium
523 4251 665 4314 Graeceque
679 4251 816 4313 insectetur,
832 4263 878 4296 non
895 4247 1037 4312 quidquam,
1048 4249 1094 4299 nisi
1108 4249 1138 4299 de
1148 4249 1242 4314 juribus

179 4335 350 4394 Romanorum,
364 4333 415 4381 lere
429 4330 521 4381 laborat
531 4331 633 4394 (uisne,
649 4328 719 4388 ibit..
733 4344 759 4393 p.
775 4331 802 4378 15
818 4327 893 4391 sqq).
