2954 5050
277 398 325 450 292
495 391 711 456 anasrnslt,
737 391 935 444 HADRIANO
961 391 1058 442 ΡΑΡΑ
1080 392 1127 454 11,

278 541 363 614 rime
375 539 561 609 obtinuerat
575 545 612 606 ut
625 534 800 606 Waldrada
815 536 998 606 concubina
1012 535 1102 605 omni
1116 537 1346 606 excommuni-

280 657 415 728 cationis
430 655 558 725 vinculo
574 653 769 722 liberaretur
779 650 803 721 ¹.

324 773 426 842 Porro
442 769 653 840 Anastasiani
671 769 798 838 consilii
817 769 846 838 is
863 770 967 838 exitus
985 769 1043 857 qui
1063 770 1252 857 sperabatur
1268 790 1349 857 pro·

280 908 372 980 spere
388 885 560 976 processit3
581 885 683 952 immo
701 904 789 969 vero,
805 885 833 954 si
851 885 910 973 qui
927 885 1034 954 adbuc
1054 885 1238 955 existiment
1256 888 1347 955 banc

281 1003 323 1076 ad
348 1002 500 1073 Adonem
520 1001 688 1090 epistolam
712 1022 779 1068 non
805 1001 888 1068 mibi
915 1003 1011 1089 plane
1037 1021 1108 1070 esse
1130 1002 1345 1094 intellectam,

279 1121 349 1210 jam
361 1118 491 1188 videant
507 1116 671 1206 quomodo
687 1117 837 1186 eamdem
854 1117 924 1206 ipse
942 1116 1016 1187 Ado
1034 1117 1240 1188 intellexerit.

290 1271 295 1278 ·
327 1235 415 1304 Dum
427 1235 517 1303 enim
530 1231 730 1302 Hincmarus
744 1233 918 1302 commisso
929 1253 1068 1303 munere
1083 1234 1254 1323 diligenter
1266 1234 1348 1304 iun-

283 1349 453 1441 gehatnrt,
461 1348 720 1438 archiepiscopus
730 1325 941 1438 Viennensis,
954 1351 1168 1420 Anastasium
1179 1360 1345 1422 auctorem

284 1477 431 1555 secutus,
456 1475 578 1536 ceteros
602 1466 768 1554 episcopos
791 1465 825 1532 iu
849 1465 1082 1535 conscientiam
1104 1467 1152 1536 rei
1175 1469 1346 1556 proposita

285 1585 430 1656 vocabat.
454 1586 523 1652 Mox
546 1582 636 1651 enim
655 1602 693 1650 er
713 1581 810 1651 variis
837 1580 1022 1671 Occidentis
1041 1583 1189 1672 partibus
1207 1582 1348 1654 Romam

285 1702 512 1791 episcoporum
535 1697 707 1767 sollemnes
726 1699 866 1788 epistolae
882 1707 1060 1788 venerunt,
1078 1699 1245 1769 Hadriano
1257 1723 1348 1790 papae

286 1820 370 1886 hanc
396 1825 542 1885 mentem
564 1815 782 1903 inculcantes,
806 1814 977 1884 Nicolaum
997 1814 1013 1884 l
1037 1836 1144 1905 neque
1164 1815 1348 1906 indoctum,

288 1954 394 2023 neque
407 1932 597 2002 hereticum
608 1929 721 2019 luisse,
733 1929 789 1999 sed
803 1951 886 2000 verae
902 1941 999 2020 atque
1013 1931 1197 2002 orthodoxe
1210 1935 1352 2022 philoso-

286 2050 372 2140 phia
385 2049 511 2139 virum3
525 2066 625 2136 quare
639 2067 707 2115 non
720 2067 791 2116 esse
804 2046 892 2118 illius
906 2047 1130 2118 infamandam
1139 2050 1349 2140 memoriam,

287 2260 326 2313 leo
339 2275 440 2312 censura
454 2260 549 2310 inerant
559 2257 683 2309 emendata
692 2259 816 2309 canonica.
827 2260 908 2311 Unum
924 2259 1045 2324 videlicet,
1060 2260 1182 2312 naiadum
1199 2263 1354 2327 'thietberga

286 2341 402 2403 legitime
431 2340 539 2404 conjugis
561 2345 609 2390 tue
629 2339 770 2403 divortium3
793 2338 895 2390 alterum
917 2355 987 2405 vero,
1008 2340 1191 2393 scelestissimus
1214 2344 1353 2396 waldradae

288 2421 387 2473 mmcbae
404 2420 542 2470 concubitus
557 2440 564 2472 a
579 2435 633 2486 que
645 2434 691 2469 non
706 2418 782 2470 solum
793 2420 831 2471 lex
845 2421 922 2471 omnis
940 2420 1021 2472 divina
1037 2424 1156 2488 reprobat,
1172 2423 1317 2476 condemnat
1327 2433 1355 2476 et

289 2502 340 2552 lieri
352 2499 495 2551 omnimodis
508 2506 582 2563 vetat,
597 2501 639 2551 sed
653 2503 728 2552 etiam
744 2501 864 2552 mundana
876 2501 1003 2566 probibent
1013 2505 1101 2567 jura.»
1117 2505 1219 2569 (Migne,
1230 2519 1256 2568 p.
1269 2507 1352 2572 1259.)

290 2581 338 2634 Sed
349 2579 434 2632 deinde
447 2581 498 2631 bec
514 2595 567 2646 spes
580 2575 764 2632 ostendebatur:
775 2584 874 2647 «Super
883 2582 921 2632 bis
928 2588 1018 2647 autam,
1029 2584 1119 2648 quibus
1128 2599 1154 2634 se
1165 2600 1180 2634 a
1190 2585 1259 2636 robis
1267 2589 1355 2652 querit

288 2660 453 2726 (ibietberga)
467 2660 617 2725 disjungere,
631 2668 681 2712 tam
695 2669 793 2728 repente
807 2663 857 2712 sine
871 2662 1002 2714 multorum
1021 2664 1122 2716 fratrum
1142 2675 1275 2718 nmtrorum
1295 2683 1355 2718 con·

289 2741 352 2806 allio,
366 2749 391 2792 et
405 2741 498 2805 ingenti
518 2743 636 2805 examine,
651 2743 769 2792 finitivam
789 2758 854 2793 nunc
875 2745 981 2810 pmierre
995 2746 1147 2810 sententiam,
1164 2752 1209 2797 aut
1225 2761 1356 2800 remensus

289 2823 364 2872 nostri
385 2822 539 2872 immaturam
553 2822 609 2872 dare
626 2822 749 2872 licentiam
760 2824 815 2887 jure
833 2823 980 2874 distulimus.
1001 2827 1051 2875 Deo
1074 2831 1156 2876 autem
1178 2826 1249 2877 uobis
1268 2827 1355 2878 salutis

289 2917 360 2968 opem
371 2903 493 2966 vitamque
507 2902 636 2966 prebente,
649 2907 700 2952 tam
713 2918 756 2969 pro
769 2903 808 2952 bia
818 2919 892 2968 quam
905 2905 977 2956 etiam
990 2919 1033 2969 pro
1046 2905 1099 2956 aliis
1113 2905 1280 2959 ecclesiasticis
1294 2924 1356 2960 cau-

289 2985 323 3035 sis
334 2982 450 3048 synodum
463 2982 587 3047 iacientes,
599 2989 624 3034 et
638 2982 693 3033 talia
706 2983 788 3034 subtili
798 2985 906 3035 examine
923 2985 1074 3049 indagantes,
1086 2993 1114 3036 ut
1125 2987 1258 3038 secuudum
1272 2991 1354 3040 mum

289 3063 348 3116 aalri
359 3078 412 3114 ease
424 3063 531 3127 possitis,
544 3062 629 3114 idonea
641 3065 699 3114 eatis
710 3065 843 3115 intentione
856 3064 1046 3116 deliberabimus
1066 3081 1146 3117 coram
1161 3070 1213 3118 Deo
1229 3069 1355 3120 salvatore

290 3150 380 3207 nostro,
391 3149 463 3208 atque
474 3143 620 3194 liniemus.»
636 3144 719 3210 (thid,
732 3160 757 3210 p.
770 3145 852 3210 1269.)
862 3146 895 3198 V.
906 3146 1020 3198 liudrico
1030 3148 1056 3197 ll
1067 3149 1091 3198 et
1105 3147 1141 3198 lec
1151 3148 1252 3212 scutata
1265 3149 1353 3202 decre-

291 3223 364 3289 talea,
376 3238 402 3290 p.
414 3224 453 3276 21.

322 3308 344 3356 1.
366 3303 454 3365 «Quod
467 3309 548 3354 tamen
562 3303 734 3357 beneficium...
748 3306 885 3356 instantiam
899 3321 998 3372 precum
1011 3313 1036 3358 et
1049 3307 1262 3375 incomparabilem
1279 3309 1353 3360 dilee-

289 3386 381 3438 tienem
399 3384 563 3436 desiderabilis
578 3391 603 3434 et
618 3386 748 3451 spiritualis
766 3387 808 3436 dlii
827 3388 901 3437 nostri
913 3390 964 3452 jam
978 3389 1103 3440 memorati
1117 3396 1142 3439 et
1152 3391 1245 3454 jugiter
1258 3405 1352 3441 memo-

290 3465 358 3516 randi
373 3465 474 3528 Augusti
487 3471 537 3514 tam
550 3465 596 3515 tibi
609 3466 718 3516 celeriter
730 3469 870 3533 impetrasse
888 3483 1012 3530 cognosce.
1022 3489 1034 3516 n
1054 3469 1169 3520 Hadriani
1182 3473 1206 3521 ll
1222 3473 1303 3536 Epist.
1318 3471 1353 3522 ud

294 3547 466 3598 Wuldrudcm
482 3545 584 3610 (bligne,
597 3551 616 3596 t.
632 3547 730 3611 cxxu,
749 3563 789 3612 ep.
807 3551 831 3611 5,
848 3563 873 3612 p.
887 3550 966 3614 1263).
986 3549 1025 3601 Gi.
1045 3549 1159 3601 Hadriani
1174 3552 1197 3602 11
1211 3553 1298 3618 Epist.
1318 3551 1354 3602 ud

290 3630 365 3694 ept'ac.
379 3627 524 3678 Germanic
534 3627 635 3691 (ldigne,
650 3641 689 3692 ep.
703 3630 726 3691 6,
740 3643 765 3692 p.
780 3631 863 3695 1261);
877 3629 982 3694 attane,
995 3646 1020 3680 n.
1033 3633 1103 3695 2691,
1114 3633 1186 3693 2696,
1195 3634 1269 3696 2699,
1282 3634 1352 3683 2910.

290 3710 350 3771 Quo
363 3708 462 3774 quidem
480 3708 560 3758 omnia
577 3706 668 3757 dictare
685 3706 769 3758 debuit
782 3709 1016 3775 tunnacaestir
1028 3711 1067 3761 bis
1084 3725 1140 3762 cum
1154 3711 1250 3762 decreta
1263 3711 1354 3763 Nicolai

290 3805 337 3840 non
349 3794 556 3856 oppugnarentur,
570 3795 642 3853 atque
653 3790 731 3853 potius
744 3789 903 3851 laudarentur,
918 3797 972 3842 tum
983 3791 1056 3842 etiarn
1070 3791 1207 3842 cautissimo
1220 3791 1253 3842 illi
1266 3792 1356 3842 biblio-

290 3867 395 3919 thecario
409 3883 455 3920 non
467 3868 609 3935 displicebat
627 3867 795 3932 imperatorem
814 3871 838 3919 in
857 3870 943 3922 litteris
961 3869 1099 3937 apostolicis
1113 3871 1244 3925 venditare.
1258 3874 1290 3923 V.
1303 3875 1354 3924 lla-

292 3949 368 4000 driani
385 3951 408 4000 11
423 3950 507 4012 Epist.
523 3949 559 4001 ud
568 3948 742 4000 chdowr‘cum
756 3949 935 4003 Gerrncm‘cum
948 3952 1051 4017 (iligna,
1066 3951 1135 4017 ibid,
1145 3966 1185 4017 ep.
1198 3953 1223 4016 1,
1238 3967 1263 4018 p.
1277 3954 1352 4018 1259;

291 4029 360 4092 tane,
373 4045 398 4081 n.
412 4031 494 4096 2695).

323 4112 348 4161 2.
364 4113 397 4161 V.
412 4111 533 4162 lliucmari
546 4112 631 4178 Epist.
646 4110 684 4162 ad
697 4111 859 4162 Hlotbordcm
870 4127 954 4178 repam
970 4111 1105 4178 (Flodoardi
1119 4113 1185 4164 utet.
1201 4115 1267 4166 cem,
1282 4111 1354 4178 eceb,

291 4188 310 4241 1.
325 4191 368 4254 ur,
378 4206 401 4243 a.
415 4203 472 4256 ιιι,
486 4193 564 4257 reru,
574 4193 631 4256 ss,
642 4199 662 4243 t.
673 4193 737 4256 xru,
751 4208 777 4258 p.
789 4193 1255 4262 515)etuptst.ocrotanaemepcc.
1267 4193 1358 4246 came·

292 4283 422 4322 mensem
434 4271 515 4337 (ibid,
528 4286 550 4324 c.
564 4284 644 4338 xxru,
656 4287 682 4338 p.
697 4272 764 4340 561).
