2954 5050
481 423 645 474 PLENlUS
666 423 909 475 osnnnnt'rttn
1180 429 1220 476 llll

161 568 197 635 in
222 565 412 636 Wulladum
436 565 573 655 ejusque
599 567 701 635 socios
730 567 829 636 latam
851 567 980 655 plenius
1003 567 1223 636 confirmaret.

161 683 276 770 Neque
290 694 361 750 tum
375 683 542 768 omiserat,
554 702 618 770 quo
629 702 698 750 rem
709 681 859 750 Nicolaus
872 682 1065 770 exploratius
1075 682 1225 770 judicare

161 807 282 884 posset,
297 797 339 864 ad
354 817 432 865 eum
452 817 567 865 mrsus
582 797 710 866 mittere
730 809 764 866 et
780 798 862 866 Acta
881 797 996 885 synodi
1012 799 1225 868 Suessioniere

159 913 418 1000 etPrivilegium
430 910 599 982 Benedicti
611 911 670 1000 lll,
687 911 720 979 id
733 921 795 999 est,
805 912 969 1000 exemplar
984 912 1069 982 illius
1083 914 1225 1004 epistile

158 1050 224 1116 qua
238 1027 437 1096 Benedictus
453 1047 525 1096 eam
541 1027 704 1115 synodum
715 1027 936 1116 probaverat
953 1029 1082 1110 Quibus
1097 1029 1225 1118 seriptis

158 1143 290 1212 duobus
320 1142 492 1231 epistolam
518 1163 612 1211 suam
639 1142 821 1230 addiderat,
849 1164 907 1231 per
931 1165 1030 1232 quam
1053 1144 1223 1214 Nicolaum

158 1258 316 1327 monebat
334 1259 441 1327 inesse
461 1257 595 1346 quidem
613 1258 648 1324 in
668 1257 836 1346 privilegio
854 1257 1022 1328 Benedicti
1045 1259 1092 1328 lll
1114 1263 1223 1349 suspi-

157 1375 282 1444 ciosam
297 1372 475 1461 quamdam
494 1372 734 1458 condicionem,
752 1373 808 1442 sed
827 1372 862 1440 id
876 1393 946 1442 esse
960 1373 1083 1445 laetum
1097 1376 1224 1446 macbi-

159 1491 294 1558 natione
309 1488 388 1557 certi
403 1487 574 1576 cujusdam
593 1486 766 1558 ilamensis
779 1488 887 1557 clerici
899 1488 924 1556 ².

205 1604 326 1675 Utrum
344 1624 419 1673 vero
433 1603 585 1673 Nicotaus
603 1607 671 1672 baec
692 1604 754 1671 tria
777 1603 840 1672 sibi
864 1603 1030 1673 recitanda
1048 1604 1223 1694 diligenter

155 1721 333 1804 curaverit,
349 1741 390 1788 an
405 1728 534 1788 tantum
548 1714 755 1806 Anastasius,
770 1717 863 1807 cujus
881 1729 951 1788 erat
973 1719 1049 1788 talia
1064 1721 1174 1808 legere
1186 1741 1223 1790 ac

156 1835 293 1920 referre,
315 1855 367 1903 res
389 1855 519 1903 summo
541 1835 684 1924 pontifici
705 1835 897 1902 summatim
918 1855 1044 1922 suoque
1063 1837 1222 1904 arbitratu

156 1951 412 2036 renuntiaverit,
430 1949 568 2039 quisque
583 1950 700 2018 deinde
715 1950 832 2038 poterit
848 1949 1045 2037 exploratius
1059 1950 1220 2038 judicare.

157 2065 347 2153 Utcumque
368 2066 422 2153 sit,
448 2065 601 2134 Nicotaus
622 2085 747 2133 morem
765 2064 867 2152 gessit
881 2064 1074 2152 Hincmaro,
1089 2076 1122 2134 et
1135 2085 1221 2152 eam,

155 2202 232 2268 quae
250 2181 432 2269 petebatur,
452 2181 632 2268 pleniorem
653 2179 810 2248 concessit
836 2178 1117 2267 appmbatio'nem.
1141 2180 1222 2269 Ejus
1273 2231 1275 2240 .

156 2297 350 2364 auctoritate
371 2305 403 2364 ct
423 2295 557 2364 nornine
576 2296 697 2364 factum
712 2304 760 2364 cst
774 2316 896 2364 novum
914 2294 1078 2383 quoddam
1092 2297 1224 2384 privile-

156 2413 265 2499 gium,
284 2411 318 2478 iu
335 2431 399 2498 qno
418 2410 566 2479 condicio
581 2411 635 2478 illa
653 2438 671 2474 n
684 2411 711 2479 si
725 2410 769 2478 ita
783 2419 863 2480 esta
881 2431 1015 2498 prorsus
1034 2422 1221 2500 evanuerat,

155 2527 257 2616 idque
280 2528 388 2594 solum
410 2526 684 2614 pronuntiabatur
708 2525 949 2597 suessionicam
968 2527 1130 2616 synodum
1152 2547 1224 2596 esse

160 2641 454 2728 «irrefragabilem
492 2652 710 2731 perpetuoque
741 2655 953 2729 mansuram,
994 2646 1081 2712 salvo
1110 2653 1220 2714 tamen

154 2759 316 2826 Romanae
327 2756 413 2826 sedis
426 2757 460 2824 in
472 2759 626 2826 omuibus
636 2757 732 2846 jussu
745 2767 842 2847 atque
852 2757 997 2848 judicio³
1008 2781 1043 2826 o.

189 2972 213 3019 l.
231 2987 243 3014 a
261 2966 391 3032 Exemplar
410 2943 520 3032 denique
544 2967 663 3032 privilegii
686 2974 774 3018 sancta
798 2969 918 3018 memoria
940 2967 1074 3031 Benedicti,
1098 2960 1151 3017 sine
1175 2967 1224 3016 ulla

154 3047 307 3098 mutilatione
327 3047 363 3098 vel
384 3047 518 3111 adjectione
536 3063 578 3097 seu
593 3048 733 3110 mutatione,
753 3063 796 3112 per
818 3048 978 3098 venerabilem
990 3054 1081 3112 patrem
1103 3053 1128 3097 et
1142 3048 1222 3112 eoepi-

155 3139 256 3189 scopum
272 3130 381 3173 nostrum
394 3123 503 3174 Odorem
514 3125 669 3174 sanctissima
680 3125 816 3188 paternitati
830 3131 916 3174 vestrae
929 3125 1058 3174 transmisi.
1074 3143 1086 3171 a
1102 3122 1223 3175 Binemari

154 3204 272 3268 Epistola
291 3203 328 3252 nd
345 3204 481 3254 Nicolaum
495 3204 599 3268 (iligna,
613 3211 632 3255 t.
646 3205 759 3267 CXXVl,
775 3220 799 3269 p.
816 3206 865 3271 87).
882 3207 944 3255 'l'um
955 3206 1029 3256 etiam
1043 3206 1072 3255 ab
1093 3206 1224 3256 llinemaro

154 3285 229 3334 missa
241 3284 315 3333 luisse
329 3284 452 3333 adsedem
465 3283 618 3348 apostolicam
631 3287 690 3334 Aeta
700 3283 794 3334 concilii
808 3285 954 3336 Suessionici
968 3300 1029 3334 anno
1043 3287 1088 3336 853
1103 3285 1186 3346 habiti,
1199 3283 1222 3332 ld

154 3365 292 3414 invenimus
306 3365 329 3413 in
342 3365 399 3429 ipsis
412 3364 501 3414 Nicolai
516 3364 611 3426 litteris,
626 3379 685 3429 quas
695 3379 740 3426 ego
749 3365 821 3428 paule
831 3370 885 3430 post
898 3365 993 3414 alierum
1008 3365 1223 3431 (v.p.193,n.l).
1281 3413 1282 3424 ,

187 3447 210 3494 2.
228 3445 307 3504 Quam
319 3443 445 3508 epistolam
459 3444 512 3493 vide
527 3444 598 3508 inira,
617 3460 642 3509 p.
654 3447 735 3507 ana-3,
752 3460 777 3493 n.
794 3446 817 3494 l.

186 3526 211 3573 3.
229 3526 317 3574 Datum
343 3530 380 3573 est
403 3525 446 3573 boc
468 3523 559 3574 Nicolai
585 3524 739 3589 privilegium
764 3524 802 3574 die
825 3527 854 3575 28
877 3525 967 3575 mensis
990 3524 1079 3589 Aprilis
1100 3523 1155 3572 anni
1176 3524 1221 3571 863

154 3605 190 3668 (v.
204 3604 276 3666 taut,
300 3618 324 3654 n.
349 3605 435 3669 2720);
456 3605 519 3669 quod
543 3619 591 3669 qua
612 3604 703 3655 ratione
728 3604 844 3655 dissimile
858 3605 890 3654 sit
907 3604 1028 3669 privilegii
1044 3601 1180 3662 Benedicti,
1194 3617 1221 3652 ex

153 3690 271 3750 sequente
285 3683 409 3734 collatione
423 3684 563 3748 perspicias.
785 3701 786 3704 ¹

219 3795 394 3834 Pittvtbneltttt
411 3794 553 3834 nnnnnlcrt
571 3794 602 3833 111
806 3793 981 3834 rnlvmnelnll
998 3791 1109 3831 Nlcnnat
1125 3792 1134 3830 l

300 3875 336 3914 Ab
356 3875 520 3914 nlncnanttlt
862 3873 898 3912 AB
914 3870 1077 3911 nrncttanntl

186 3979 199 4007 a
261 3959 413 4010 definitiones
432 3960 589 4012 fraternitatis
605 3966 662 4025 tua,
749 3978 804 4012 α...
820 3959 945 4024 synodum
963 3955 1037 4019 illam,
1055 3971 1109 4020 quae
1125 3970 1138 4004 a
1156 3959 1182 4004 te
1197 3961 1222 4004 et

153 4047 179 4090 et
206 4048 339 4090 ceterorum
360 4040 534 4105 episcoporum,
554 4057 613 4106 quas
638 4042 662 4091 in
716 4041 802 4090 celeris
830 4037 1008 4089 venerabilibus
1037 4033 1221 4099 archiepiscopis

152 4121 255 4184 praelata
291 4119 378 4185 synodo
409 4120 543 4185 apostolicis
564 4123 661 4172 canoni-
715 4126 787 4184 atque
820 4118 936 4183 episcopis
966 4118 991 4165 iu
1023 4118 1081 4167 urbe
1111 4115 1220 4166 Suessio-

152 4202 235 4265 cisque
255 4201 435 4250 auctoritatibus
457 4200 557 4265 propriis
578 4201 662 4263 digitis
716 4213 783 4261 num,
810 4213 871 4247 anno
899 4196 1067 4246 iucarnationis
1099 4193 1222 4254 dominica

154 4281 283 4343 roborasti,
293 4281 359 4330 siitn
369 4285 415 4345 est,
425 4284 511 4330 nostro
521 4283 662 4345 discriptis
716 4279 862 4339 necetur,
878 4278 1006 4327 indictione
1023 4278 1109 4343 prima,
1131 4288 1157 4326 ν.
1180 4275 1221 4323 la-
