3006 5050
235 415 278 466 idi
435 413 669 465 ANASTdSiUS
695 411 852 466 alconti
875 413 886 461 1
908 411 1093 462 LITTERAS

278 555 473 644 Quanquam
490 555 579 623 enim
594 552 735 622 dictator
748 553 958 640 epistolarum
968 551 1076 620 nullas
1090 550 1217 640 debuit,
1231 552 1299 620 nisi

233 685 363 745 auctore
374 695 469 763 papa,
484 674 607 742 litteras
620 692 826 760 componere,
845 692 951 758 neque
961 692 1015 740 eas
1027 671 1149 741 dictare
1160 672 1302 740 notariis

233 791 297 859 nisi
307 789 398 878 prius
407 789 555 857 recitatas
566 797 597 857 et
605 787 918 876 approbatas,atque
930 787 1003 856 ideo
1013 788 1082 855 hacc
1094 788 1301 875 scriptavere

232 903 387 973 dicuntur
399 903 484 972 sedis
501 902 693 990 apostolicae,
711 922 748 970 ex
772 902 819 970 eis
841 911 952 970 tamen
974 903 1001 968 si
1016 901 1089 989 quis
1104 901 1144 970 de
1160 901 1300 970 scientia

231 1017 392 1110 pontificis
402 1016 725 1106 autindolcjudicare
736 1017 885 1104 voluerit,
896 1017 959 1085 erit
970 1017 1135 1102 agendum
1140 1016 1213 1105 jam
1221 1038 1299 1085 cau·

232 1134 310 1204 tius.
319 1131 368 1203 De
381 1133 515 1202 scientia
523 1142 572 1202 est
580 1133 640 1200 hoc
652 1132 785 1220 quidem
793 1152 831 1200 ex
841 1131 1106 1215 semanifestum,
1115 1153 1193 1200 cum
1208 1132 1299 1200 aliud

232 1248 275 1317 sit
288 1248 419 1317 inventa
431 1248 471 1316 ab
486 1247 549 1316 alio
560 1247 711 1335 probare,
725 1246 813 1314 aliud
825 1246 932 1335 ipsum
945 1246 1093 1315 invenire
1107 1257 1205 1335 atque
1218 1269 1302 1336 pro-

231 1382 371 1453 ponere3
388 1360 444 1431 sed
458 1381 564 1450 neque
577 1362 618 1431 ad
630 1361 834 1430 efficiendam
848 1361 993 1430 indolem
1002 1362 1163 1450 pontificis
1173 1362 1216 1430 iis
1226 1383 1300 1430 om·

232 1478 331 1548 nibus
341 1478 388 1547 uti
398 1498 470 1567 quae
483 1477 550 1547 sint
560 1477 597 1546 in
615 1477 730 1546 littaris
746 1476 927 1564 apostolicis
943 1477 1014 1545 sine
1030 1477 1298 1546 ullodiscrimine

231 1595 317 1664 licet.
336 1593 376 1661 In
393 1593 440 1661 eis
455 1594 542 1662 enim
556 1593 699 1680 epistolis
716 1613 789 1678 quae
802 1593 943 1662 maxime
957 1594 1167 1660 continentur
1183 1592 1297 1660 erudi·

232 1709 321 1777 tione
335 1717 367 1776 et
384 1707 531 1795 historia,
546 1707 603 1794 qui
621 1725 751 1774 omnam
773 1715 1045 1793 argumentorum
1063 1706 1298 1793 supellectitem

232 1821 441 1911 comparavit,
451 1823 507 1912 qui
519 1821 736 1907 auctoritates,
747 1821 887 1909 tabulaS,
897 1822 1042 1908 exempla
1054 1842 1090 1890 ex
1104 1821 1198 1888 libris
1212 1821 1299 1888 anti·

157 1961 161 1968 ·
232 1937 365 2026 quitatis
377 1937 598 2006 ecclesiastice
612 1944 668 2004 aut
686 1956 723 2004 ex
745 1937 882 2005 archivis
896 1936 1054 2004 Romanis
1071 1938 1194 2018 retulit,
1211 1937 1248 2003 in
1259 1956 1299 2004 ee

233 2073 303 2123 esse
317 2053 422 2142 potuit
438 2054 523 2121 mala
537 2052 617 2120 fides
628 2061 860 2140 versutumque
876 2052 1063 2138 ingenium,
1088 2052 1115 2119 si
1133 2051 1298 2120 nimirum

232 2169 408 2258 scripturas
422 2179 454 2238 et
467 2168 550 2236 facta
572 2168 721 2255 improbe
738 2168 897 2254 tractavit,
918 2168 945 2235 si
965 2167 1027 2234 alia
1040 2167 1216 2255 mutilavit,
1233 2167 1296 2235 alia

233 2285 389 2372 corrupit,
406 2283 556 2370 quedam
569 2284 667 2351 etiam
679 2304 812 2371 prorsus
826 2283 1001 2352 ementitus
1019 2293 1086 2371 est3
1101 2285 1170 2351 hec
1184 2292 1297 2351 autem

232 2398 368 2467 artificio
390 2396 472 2466 iacta
494 2399 673 2486 approhare
695 2399 801 2486 potuit
816 2419 966 2467 summus
988 2397 1143 2486 pontifex,
1165 2397 1247 2486 quin
1265 2398 1297 2466 ei

232 2522 437 2603 perspectum
451 2523 535 2582 esset
549 2513 657 2602 ipsum
669 2514 862 2602 artificium3
878 2523 928 2600 ut,
943 2514 1030 2602 quod
1044 2523 1093 2582 est
1106 2514 1141 2580 in
1152 2513 1297 2582 dictante

232 2627 423 2716 improbitas
432 2639 465 2698 et
473 2628 650 2714 fallacia,in
660 2628 858 2716 approbante
869 2629 932 2696 diei
941 2629 1297 2714 tantumdebeatigno-

232 2744 315 2815 ratio
325 2754 358 2814 et
370 2744 501 2814 fiducia.
511 2743 605 2813 Adde
619 2746 683 2812 huc
692 2744 779 2832 quod
793 2743 932 2812 dictator
938 2745 1161 2832 epistolarum,
1173 2744 1201 2812 si
1211 2753 1298 2812 esset

231 2859 438 2950 improbitate
452 2860 593 2943 insignis
608 2869 641 2928 et
654 2859 801 2948 audacia,
811 2860 985 2946 aliquando
996 2868 1134 2947 poterat,
1147 2858 1229 2926 dum
1245 2860 1296 2926 lit·

232 2985 317 3044 teras
327 2974 398 3064 jam
419 2977 610 3064 approbatas
635 2974 771 3043 dictaret
784 2975 932 3063 notariis,
949 2975 1097 3062 quaedam
1113 2975 1148 3041 in
1163 2974 1210 3043 eis
1228 2974 1296 3042 im-

234 3099 361 3159 mutare
382 3111 441 3179 pro
458 3089 593 3159 arbitrio
615 3111 674 3158 suo
688 3100 786 3178 atque
802 3090 920 3160 addere
937 3113 947 3159 :
963 3090 1059 3178 cujus
1082 3090 1297 3180 impudentia

233 3207 451 3294 spectaculum
466 3205 617 3294 deinceps
629 3206 664 3273 in
679 3209 738 3274 hac
751 3207 970 3294 disputatione
980 3227 1159 3295 proponam
1172 3207 1192 3274 ¹.

278 3320 354 3390 Hac
375 3329 452 3389 sunt
466 3321 670 3409 communia;
684 3332 717 3390 at
738 3322 780 3390 de
799 3322 924 3390 Nicolai
950 3322 1093 3411 epistolis
1114 3322 1297 3391 maximam

233 3436 508 3525 opportunitatem
519 3435 639 3504 habere
653 3436 859 3521 videbantur,
878 3457 946 3503 non
960 3436 1048 3524 quod
1062 3437 1149 3522 ipsas
1161 3446 1297 3506 senten-

234 3552 295 3622 tias
309 3550 408 3640 hujus
433 3549 594 3639 pontificis
620 3559 777 3620 attentare
800 3552 909 3634 velim,
936 3560 993 3620 aut
1016 3552 1104 3640 quod
1128 3551 1295 3642 NicolauS,

233 3666 454 3757 meoiudicio,
470 3665 694 3734 auctoritatem
709 3687 803 3735 suam
825 3677 942 3754 praeter
956 3688 1088 3755 aequum
1111 3676 1144 3737 et
1167 3668 1296 3738 bonum

234 3783 416 3872 diffuderit3
435 3783 493 3850 hoc
507 3781 597 3849 enim
609 3779 789 3851 disserendi
803 3802 921 3869 genus,
935 3803 1012 3851 cum
1025 3803 1043 3850 a
1054 3782 1220 3871 proposito
1235 3785 1298 3852 hu-

229 3895 285 3985 jus
298 3895 418 3985 operis,
434 3906 506 3963 tum
520 3915 538 3962 a
553 3894 716 3962 voluntate
730 3914 803 3962 mea
822 3894 987 3964 abhorret.
1009 3894 1117 3964 Immo
1130 3917 1217 3985 vero,
1234 3899 1296 3966 etsi

235 4030 301 4078 non
311 4009 422 4100 judico
437 4011 477 4081 de
491 4030 611 4099 reque
634 4008 674 4078 ad
698 4027 752 4078 me
773 4029 840 4078 non
854 4019 989 4100 spectat,
1003 4021 1114 4080 tamen
1129 4013 1189 4081 hoc
1205 4013 1296 4082 laudi

266 4279 288 4328 i.
307 4276 338 4326 V.
354 4273 423 4334 inira,
436 4287 503 4324 err.
