2960 5052
444 1254 886 1365 PROOEMIUM

580 1539 755 1553 m

730 1747 799 1792 linita
812 1748 834 1792 in
849 1753 912 1794 nocte
922 1750 1084 1806 adhesissem,
1096 1753 1195 1810 albariis

703 1819 812 1875 agitantur
823 1821 979 1873 controversiis,
991 1835 1039 1877 qun
1051 1823 1078 1866 ad
1086 1823 1195 1868 Ansstmii

707 1903 783 1932 munus
798 1893 821 1934 et
833 1891 899 1934 vitam
919 1896 1028 1947 spectant.
1046 1906 1116 1950 neque
1134 1895 1195 1939 lacile

704 1961 808 2018 eiusmodi
820 1961 878 2005 litam
892 1962 989 2018 expedire
999 1964 1110 2020 quisquam
1120 1966 1194 2022 possit.

764 2078 766 2084 ,
829 2032 958 2089 (bluratorl.
971 2033 1052 2077 Mum
1064 2035 1195 2079 Italicarum

859 2103 991 2158 Scriptores.
1004 2107 1020 2147 t.
1032 2105 1076 2155 ΙΙΙ,
1086 2119 1107 2162 p.
1118 2106 1150 2162 v.)

123 2365 143 2414 Ι.
161 2361 232 2414 Finis
246 2361 317 2424 hunius
328 2361 402 2411 thesis
415 2362 562 2426 proponitur.
571 2387 601 2398 -
611 2362 642 2414 ΙΙ.
655 2362 691 2412 De
705 2361 823 2412 Anastasii
839 2375 1003 2427 personaque
1017 2363 1079 2414 iuter
1088 2363 1194 2416 eruditos

154 2442 278 2492 exstiterit
295 2443 462 2492 controversia.
479 2468 510 2479 -
527 2443 569 2494 ΙΙΙ.
590 2441 745 2492 homusion
772 2441 982 2493 bibliothecarium
1003 2443 1115 2494 cumdem
1142 2460 1195 2496 esse

154 2529 232 2587 atque
246 2521 398 2572 anastasium
411 2521 575 2586 presbyterum
589 2520 733 2571 cardinalem
751 2524 779 2574 S.
792 2521 900 2572 Marcelli
915 2521 1102 2588 demonstratur,
1122 2524 1145 2588 l)
1165 2540 1194 2576 ex

153 2601 290 2653 Annalibus
305 2602 435 2666 llincmari,
448 2602 472 2667 2)
486 2617 515 2652 ex
526 2601 642 2666 Capitulis
654 2601 781 2652 Guntharii
793 2608 818 2652 et
828 2602 991 2664 Theutgaudi.
1001 2630 1032 2641 -
1042 2604 1085 2654 lV.
1100 2605 1193 2654 Confir-

154 2687 227 2731 mant
241 2681 300 2730 illud
314 2680 378 2731 idem
391 2681 450 2730 varii
465 2687 572 2731 auctores
582 2687 607 2730 ot
618 2681 714 2746 indicia,
730 2681 845 2731 nimirum
856 2681 879 2746 Ι)
893 2681 1007 2732 Hadriani
1021 2683 1041 2732 ll
1054 2683 1192 2748 Decretum,

153 2763 181 2827 2)
207 2761 328 2812 hnasmsii
348 2760 521 2811 bibliothecarii
545 2762 643 2826 scripta,
660 2763 684 2822 3)
704 2766 776 2826 atque
794 2761 928 2823 ingenium.
943 2787 974 2798 -
988 2762 1020 2812 V.
1042 2761 1194 2812 Reiolluntur

154 2841 222 2891 dicta
237 2841 435 2892 aduersariorum.
449 2866 481 2878 -
494 2841 538 2892 Vl.
554 2841 608 2901 Qua
621 2841 713 2892 ratione
729 2847 754 2891 et
770 2841 809 2891 via
823 2842 873 2891 hac
886 2847 967 2890 nostra
980 2841 1093 2906 procedet
1105 2842 1190 2907 dispu-

155 2922 230 2972 tatio.

169 3095 201 3159 Ι.
219 3090 412 3160 decedenti
423 3084 509 3158 mihi
523 3089 568 3158 ad
579 3092 671 3160 hanc
688 3090 978 3178 disceptationem
989 3111 1060 3160 non
1070 3090 1102 3160 is
1112 3091 1192 3160 linis

121 3216 331 3304 propositus
352 3221 419 3300 est,
436 3221 474 3283 ut
488 3235 686 3303 quaererem
705 3234 875 3284 verumne
892 3221 1000 3301 esset,
1024 3217 1193 3304 quemad·

121 3340 273 3410 modum
285 3340 344 3408 diu
356 3339 591 3408 existimatum
605 3344 671 3425 est,
688 3359 749 3438 eas
764 3358 979 3408 summorum
990 3339 1193 3426 pontificum
1278 3364 1280 3368 ·

120 3466 242 3549 Vitae,
261 3483 349 3552 quas
361 3466 510 3532 Libram
525 3466 774 3552 pontificalem
789 3482 993 3550 nuncupare
1009 3466 1135 3548 solent,
1148 3465 1191 3532 ab

119 3588 318 3658 Anastasio
331 3587 596 3658 bibliothecario
617 3588 837 3676 conscriptas
855 3587 1051 3672 fatescant
1068 3589 1193 3656 saltem

119 3715 280 3803 primum
304 3713 340 3780 in
366 3715 483 3782 lucem
511 3713 635 3782 editas.
662 3712 810 3798 Etenim,
837 3711 1192 3800 praeterquamquod

119 3849 246 3916 nullus
273 3845 436 3934 antiquus
461 3844 575 3915 codex
597 3865 704 3915 manu
728 3839 919 3915 exaratus¹
939 3846 1142 3932 nullumque
1171 3862 1192 3912 a

153 4075 181 4118 1.
198 4066 256 4114 llaec
268 4065 408 4116 Ludcuious
422 4067 563 4126 Duchesne,
578 4065 621 4129 qui
636 4065 660 4114 in
673 4067 798 4116 codicibus
812 4065 879 4115 Libri
894 4063 1040 4126 pontificalis
1054 4064 1192 4114 evolvendis

119 4146 260 4195 maximam
279 4158 379 4206 operam
392 4145 513 4195 navarit:
530 4149 659 4195 «Poarson
681 4147 750 4207 parle
764 4147 795 4194 do
815 4146 933 4206 qurelques
955 4144 1101 4194 manuscrits
1122 4143 1153 4193 oh
1167 4159 1193 4194 se

119 4228 260 4276 trouverait
270 4227 292 4274 le
305 4239 363 4274 nom
373 4227 526 4276 d’Auastase.
540 4226 569 4274 le
578 4210 634 4274 n’erl
645 4227 742 4274 conuiuis
753 4224 905 4274 ahsolument
916 4237 1005 4283 aucun,
1016 4221 1030 4272 h
1040 4224 1119 4274 moins
1131 4223 1192 4289 qu’il

121 4323 153 4357 ne
164 4306 217 4357 soit
225 4309 336 4370 question
352 4308 382 4357 dc
394 4306 466 4356 titres
480 4307 510 4356 de
524 4309 626 4356 seconde
641 4305 804 4368 mainajoutes
814 4320 857 4370 par
866 4319 897 4354 uu
907 4305 1006 4370 lactem,
1015 4306 1109 4368 d'aprhs
1124 4303 1193 4354 l’edi-

1058 4397 1068 4443 l
