3006 5050
299 482 342 530 tet
389 478 592 530 tutsttsn
614 477 802 529 lNGENlllbl
825 478 870 528 [tx
892 479 1092 530 trtsrotts
1108 479 1268 534 tttcottt
1292 479 1301 528 l

299 625 418 691 relatae.
441 621 538 708 Nam,
563 631 734 708 postquam
758 621 935 690 Leoneml
959 644 1017 710 pro
1041 643 1077 691 re
1093 645 1152 691 sua
1171 623 1291 710 citavit,
1314 623 1364 690 sic

296 736 414 804 deinde
423 735 646 804 auctoritatem
658 733 777 805 Gelasii
787 737 958 824 pretendit
966 747 997 805 et
1004 737 1158 826 explicat:
1173 737 1364 805 «Consonat

297 862 418 938 eutem,
432 851 489 938 ait,
510 851 586 919 huic
606 851 795 920 beatissimo
816 873 907 941 papae
924 852 1026 921 Leoni
1048 863 1182 921 sanctus
1198 863 1231 921 et
1248 852 1363 921 lacun-

296 966 451 1034 dissimus
464 966 499 1033 in
509 966 645 1035 decretis
658 966 725 1035 suis
738 987 821 1055 papa
834 965 995 1054 Gelasius,
1006 967 1052 1036 ita
1064 968 1216 1056 inquiens
1229 991 1238 1035 ι
1249 968 1363 1036 deere-

296 1081 374 1148 tales
388 1081 551 1169 epistolas,
563 1103 646 1169 quas
660 1081 840 1150 beatissimi
850 1103 940 1170 papae
954 1082 1090 1150 diversis
1103 1082 1307 1172 temporibus
1320 1081 1362 1150 de

294 1196 376 1263 urbe
390 1196 494 1264 Roma
509 1216 568 1284 pro
582 1196 784 1265 diversorum
798 1207 929 1283 patrum
938 1197 1175 1265 consultatione
1185 1197 1358 1284 dederunt,

294 1311 520 1380 venerabiliter
540 1310 762 1399 suscipiendas
784 1311 1001 1381 decernimus.
1027 1311 1066 1379 ln
1090 1333 1156 1400 quo
1177 1312 1358 1381 notandum

293 1436 342 1494 est
362 1427 439 1513 quia
462 1447 528 1494 non
548 1427 629 1493 dixit
654 1423 827 1494 decretales
847 1425 1003 1517 epistolas
1021 1449 1097 1518 quae
1114 1425 1201 1494 iuter
1218 1449 1359 1495 curemus

293 1539 467 1629 baberetur,
483 1551 690 1608 aestuatum
714 1564 798 1632 quos
812 1539 965 1610 moderni
979 1541 1151 1632 pontifices
1169 1540 1355 1629 ediderunt,

294 1657 348 1723 sed
362 1677 441 1744 quas
453 1656 631 1725 beatissimi
643 1679 733 1746 papae
742 1658 876 1727 diuersis
884 1658 1086 1746 temporibus
1101 1658 1142 1726 ab
1157 1659 1239 1726 urbe
1253 1659 1356 1726 Roma

292 1771 464 1839 dederunt.
480 1771 582 1840 Dictis
597 1780 706 1839 autem
721 1773 857 1841 diversis
870 1773 1073 1862 temporibus
1087 1772 1189 1840 etiam
1203 1772 1262 1840 illa
1277 1785 1356 1841 tem·

290 1909 376 1976 pora
394 1886 446 1954 vir
461 1898 593 1955 sanctus
605 1884 853 1978 comprehendit
869 1909 957 1977 quea,
974 1886 1244 1955 crebrescentibus
1251 1910 1357 1978 pupu-

292 2025 413 2070 uorum
424 2001 717 2093 persecutionibus,
731 2003 772 2070 ad
791 2003 902 2071 sedem
921 2003 1129 2090 apostolicam
1145 2001 1265 2072 deterri
1277 2023 1357 2072 cau·

291 2141 342 2188 sos
370 2120 597 2206 episcoporum
621 2116 812 2185 difficillime
838 2117 1072 2205 permittebant
1089 2118 1112 2185 ¹.
1133 2140 1152 2182 u

334 2234 421 2320 Ergo
447 2232 519 2320 jam
552 2231 711 2300 falluntur
744 2231 912 2321 historici,
950 2231 1025 2321 qui,
1065 2233 1287 2303 existimantes
1322 2235 1357 2302 in

290 2346 445 2413 manibus
474 2344 598 2414 Nicolai
629 2355 701 2414 tum
735 2346 835 2415 fuisse
866 2349 976 2434 plures
1007 2346 1157 2434 epistolas
1177 2347 1258 2415 tulii
1284 2347 1300 2414 1
1325 2356 1358 2416 et

291 2461 435 2548 Damasi,
452 2459 536 2548 illas,
556 2481 623 2528 non
644 2461 723 2530 alias
743 2461 941 2549 antiquiores
961 2481 999 2531 ac
1014 2461 1356 2531 Pseudo-Isidorianas

289 2575 342 2643 hic
370 2574 547 2663 significari
574 2597 610 2644 ac
632 2577 854 2646 commendari
887 2575 1096 2647 voluerunt².
1126 2576 1216 2659 Quas
1244 2597 1355 2648 revera

319 2810 342 2856 t.
360 2806 453 2872 Migna,
465 2813 486 2858 t.
500 2807 586 2870 CXIX,
601 2823 625 2873 p.
641 2808 703 2868 983;
721 2806 753 2856 cl.
767 2806 941 2872 Appendicem.

317 2889 342 2937 2.
360 2906 373 2935 ι
390 2889 456 2938 Nous
471 2903 545 2939 arans
561 2887 655 2937 montrb
671 2885 808 2949 egolement
821 2886 881 2952 qu'il
896 2886 1012 2953 (Nicolas)
1027 2887 1091 2938 avait
1107 2902 1161 2937 sous
1179 2887 1214 2936 les
1234 2903 1294 2952 peux
1312 2887 1355 2937 das

226 2993 228 2996 ·
287 2967 369 3016 lettres
383 2967 412 3017 de
426 2983 508 3033 papea,
523 2967 569 3018 tels
584 2983 632 3033 que
648 2968 753 3018 Damaso
766 2972 791 3017 ot
806 2967 882 3030 Jules,
900 2968 1032 3018 antedeurs
1048 2983 1094 3018 aux
1109 2967 1163 3032 plus
1179 2969 1278 3018 enciens
1293 2982 1355 3032 pon-

286 3045 342 3094 tiles
355 3046 466 3109 designes
484 3048 543 3098 dans
556 3047 579 3098 le
597 3047 687 3108 Codex,
705 3053 732 3098 et
748 3047 765 3096 il
782 3047 845 3096 n'est
859 3062 902 3112 pas
919 3047 1100 3098 dbraisennable
1116 3048 1146 3098 de
1162 3063 1280 3114 supposes·
1292 3047 1353 3112 qu'il

285 3125 319 3173 ait
329 3125 428 3188 possddd
444 3125 548 3176 d'autres
561 3125 644 3177 lettres
656 3127 686 3176 de
699 3132 762 3177 cette
775 3125 830 3176 dato
844 3126 946 3191 reculae,
956 3127 1037 3192 quand
1052 3143 1081 3177 on
1096 3127 1156 3190 voit,
1172 3143 1202 3177 en
1212 3130 1268 3191 tte,
1279 3127 1353 3177 Boni-

285 3205 360 3253 lacel
380 3203 458 3268 parler
477 3206 602 3257 lui-mbme
622 3207 652 3257 de
671 3207 755 3257 lettres
773 3206 803 3256 ds
823 3221 860 3258 ses
879 3207 1060 3271 prbdbcesseurs
1078 3207 1218 3258 conscribas
1235 3207 1297 3257 dans
1314 3221 1353 3256 sea

284 3284 401 3335 archites.
413 3303 428 3334 a
443 3284 509 3336 Felix
518 3288 651 3352 Hocquain,
664 3290 710 3340 Les
722 3289 820 3339 Lettres
835 3287 867 3336 de
882 3287 987 3338 Nicolar
1001 3289 1017 3337 1
1031 3287 1155 3352 (Journal
1168 3288 1214 3338 des
1231 3289 1352 3346 Sancum

285 3368 356 3425 1880,
370 3381 393 3430 p.
409 3366 499 3430 642-3.)
512 3369 538 3418 ln
553 3367 641 3431 quibus
650 3367 695 3416 boc
705 3367 779 3418 etiam
793 3366 853 3416 falso
864 3367 957 3416 dictum
968 3374 1005 3417 est
1018 3368 1043 3417 in
1053 3368 1164 3418 manibus
1173 3367 1267 3418 Nicolai
1278 3367 1352 3416 laima

284 3445 340 3496 lolii
350 3461 417 3510 papa
434 3446 469 3510 (a.
485 3449 605 3508 tat-352)
620 3437 741 3512 epistolas,
753 3461 808 3496 cum
827 3462 919 3509 resera,
934 3453 1048 3511 utsupra
1065 3447 1162 3513 probari
1177 3448 1212 3512 (p.
1223 3447 1351 3512 tet-tet),

283 3525 400 3591 quidquid
413 3526 535 3577 lulianum
546 3527 683 3576 Anastasius
698 3526 807 3591 protulit,
822 3526 856 3586 id,
871 3526 942 3576 modo
956 3542 984 3576 ex
996 3527 1144 3590 cassiodoro,
1157 3527 1228 3576 modo
1242 3541 1272 3576 ex
1287 3526 1353 3576 talaia

282 3606 440 3657 decretalibus
454 3607 590 3672 sumpserit.
605 3607 722 3673 Epistulas
734 3607 832 3672 quidem
847 3607 945 3657 Damasi
956 3611 987 3668 (a.
1001 3607 1116 3671 ete-est)
1127 3614 1181 3657 tum
1194 3613 1263 3657 nous
1277 3607 1352 3657 fuisse

282 3688 405 3752 Romanis,
417 3701 464 3736 non
477 3687 606 3737 admodum
616 3687 703 3736 mirum
714 3693 761 3737 est.
773 3689 807 3738 Ex
816 3687 903 3737 litteris
917 3687 982 3737 enirn
993 3687 1109 3737 Jahannis
1117 3686 1175 3739 Vlll
1189 3691 1222 3748 (a.
1231 3687 1348 3749 stu-stat

282 3765 306 3816 id
318 3768 463 3833 accepimus,
476 3782 624 3818 summarum
639 3766 778 3830 pontificum
797 3782 811 3816 a
825 3769 929 3818 Damaso
948 3767 1066 3832 Repistra
1080 3767 1143 3832 (que
1154 3767 1229 3816 otiam
1243 3769 1351 3832 depasta

282 3849 410 3912 vocantur)
430 3849 455 3897 in
472 3848 569 3898 archivo
585 3849 704 3906 Romano,
723 3847 873 3911 temporibus
894 3846 956 3909 illis,
974 3847 1103 3897 exstitisse.
1117 3847 1158 3898 Sic
1177 3846 1244 3896 enim
1259 3847 1349 3896 loban-

280 3940 322 3976 nes
332 3928 390 3978 Vlll
407 3928 437 3978 ad
454 3929 575 3991 ignatium
586 3926 711 3978 scribensa
727 3925 834 3976 «Nullus
847 3933 928 3977 autem
943 3926 1038 3988 ignorat
1054 3926 1178 3988 regionem
1189 3925 1352 3988 Vulgaruma

280 4013 367 4056 sancta
387 4010 508 4060 memorie
520 4011 623 4060 Damaso
639 4021 702 4072 papa
715 4011 740 4058 at
753 4004 866 4070 deinceps
886 4021 962 4071 usquo
981 4005 1010 4056 ad
1030 4021 1178 4072 paganorum
1193 4005 1351 4070 irruptionem

280 4100 296 4133 a
314 4085 378 4137 sodis
398 4088 534 4153 apostolica
555 4087 727 4154 presulibus...
751 4083 908 4136 moderatam.
933 4085 1070 4138 Praesertim
1093 4100 1148 4137 cum
1172 4086 1217 4136 boc
1237 4083 1350 4136 nonnulla

279 4165 376 4230 scripta,
394 4168 435 4218 sed
450 4171 569 4236 precipue
582 4170 732 4220 diversorum
746 4164 885 4230 pontificum
903 4167 1067 4218 Romanorum
1082 4181 1119 4216 res
1134 4173 1204 4228 gesta
1219 4165 1270 4231 (sic
1283 4165 1349 4214 cuim

280 4244 303 4292 in
317 4245 399 4296 codice
414 4251 577 4314 manuscripto
590 4250 718 4312 Vaticano,
736 4245 826 4310 dequo
845 4244 913 4309 plura
934 4247 982 4298 dixi
1005 4247 1029 4297 in
1050 4249 1168 4296 Formosa
1185 4261 1248 4308 meo,
1267 4259 1290 4308 p.
1305 4245 1347 4305 25,

279 4327 324 4376 215
340 4325 404 4390 sqq.)
416 4341 468 4390 quaa
480 4328 504 4376 in
517 4330 620 4379 archivis
630 4329 762 4393 antiquitus
773 4330 859 4376 nostrae
875 4333 1026 4378 reserrentur
1037 4325 1158 4390 Ecclesia,
1172 4325 1260 4376 clarius
1271 4329 1348 4374 attes-
