2960 5052
548 417 765 470 PROOEMlUM
1161 420 1189 470 bl

125 571 197 631 tum
226 562 456 632 Hludowicus
491 563 585 650 apud
615 561 832 631 Hadrianum
857 565 887 630 ll
913 561 1077 650 potuerit,
1108 561 1191 650 quid

126 689 250 756 mirum
276 693 333 756 est
355 688 449 775 quod
471 687 504 756 is
527 687 700 775 pontifex,
731 686 939 778 auctoritate
966 685 1190 775 imperatoris

123 812 342 900 interposita,
358 811 548 881 Anastasio
563 811 713 898 gratiam
727 816 762 880 et
775 830 902 880 munus
918 810 1189 901 quamprimum

123 936 338 1006 reddiderit?

166 1187 228 1254 VI.
254 1184 323 1253 Sed
349 1185 428 1252 haec
453 1189 580 1272 postea
607 1184 763 1253 uberius.
790 1183 903 1272 Hujus
940 1184 1034 1254 enim
1070 1184 1191 1273 dispu-

122 1308 266 1377 tationis
298 1327 378 1376 eum
404 1309 512 1376 finem
542 1308 722 1397 praecipue
758 1308 935 1393 constitui,
965 1315 1003 1376 ut
1033 1309 1189 1397 planum,

121 1452 187 1522 pro
213 1432 302 1500 meis
329 1432 476 1519 viribus,
507 1434 675 1518 facerem,
703 1452 772 1520 quo
795 1453 889 1502 nexu
917 1439 952 1502 et
979 1433 1117 1502 vinculo
1148 1451 1191 1502 ea

123 1557 244 1626 omnia
277 1577 358 1644 quac
389 1557 435 1626 ad
471 1557 650 1626 ,lnastasii
681 1575 740 1626 res
776 1563 899 1644 gestas
939 1557 1191 1646 ingeniumque

60 1713 64 1717 ·
122 1682 317 1770 pertinent,
346 1682 438 1750 inter
466 1701 505 1751 se
535 1683 758 1767 cohaereant,
785 1702 866 1770 quae
893 1682 942 1750 illi
971 1683 1084 1771 prima
1116 1685 1191 1753 lor-

122 1812 221 1874 tunae
241 1806 357 1892 origo,
378 1824 469 1893 quas
488 1807 533 1875 ob
548 1823 691 1890 causas,
714 1824 916 1894 quanquam
933 1808 1036 1894 plura
1055 1806 1190 1876 nelarie

122 1929 287 2017 patravit,
319 1948 456 1998 summa
485 1935 603 1998 tamen
633 1929 748 2016 gratia
771 1928 876 1998 fuerit
899 1930 992 2018 apud
1018 1931 1191 2018 quosdam

123 2054 322 2142 pontifices,
340 2073 561 2140 magnasque
582 2054 617 2121 in
640 2054 795 2122 ecclesia
811 2057 971 2122 Romana
989 2054 1190 2142 provincias

124 2180 254 2246 multos
295 2197 407 2246 annos
448 2178 618 2264 gesserit3
658 2178 764 2266 idque
801 2177 886 2246 mihi
924 2178 1093 2266 proposui
1120 2197 1191 2246 non

125 2321 167 2370 ea
190 2307 309 2370 mente
338 2307 374 2398 ut
397 2302 624 2371 Anastasium
651 2301 956 2371 bibliothecarium
985 2308 1020 2370 ct
1046 2303 1192 2390 presby·

123 2431 240 2494 terum
259 2427 292 2493 S.
309 2425 466 2494 Marcelli
479 2426 625 2495 eosdem
640 2445 723 2494 esse
740 2427 986 2494 confirmarem
1000 2427 1078 2514 (hoc
1098 2425 1191 2495 enim

125 2549 213 2617 satis
240 2547 404 2638 constat),
437 2549 501 2618 sed
536 2550 724 2638 sperabam
761 2551 870 2618 multa
899 2569 978 2637 quae
1003 2552 1188 2634 hactenuS,

122 2678 269 2761 propter
293 2674 460 2742 tenebras
488 2673 557 2741 illis
584 2673 691 2742 rebus
728 2674 911 2757 obductas,
948 2673 1190 2759 intelligentiae

124 2796 191 2863 vim
211 2814 252 2863 ac
267 2795 445 2864 notionem
460 2797 637 2882 fugerant,
654 2817 698 2865 ex
710 2799 777 2866 hac
791 2796 1024 2885 disputatione
1039 2795 1191 2864 clariora

125 2928 231 3010 atque
249 2921 491 3008 conjunctiora
504 2923 594 2990 iore.

166 3051 243 3115 Has
260 3053 378 3114 autem
398 3045 702 3132 investigationes,
728 3046 1006 3133 qualescumque
1023 3051 1116 3133 sunt,
1132 3045 1192 3113 vix

126 3193 167 3242 ac
182 3193 228 3242 ne
241 3172 300 3240 vix
312 3172 453 3260 quidem
469 3192 559 3261 opus
580 3179 635 3241 est
655 3179 694 3241 ut
715 3192 956 3262 praemoneam
971 3193 1041 3241 uno
1057 3179 1191 3242 tantum

126 3297 253 3382 studi0,
279 3296 437 3366 veritatis
462 3297 598 3364 scilicet
619 3296 760 3384 plenius
781 3297 1030 3384 assequendae,
1049 3314 1192 3383 suscep·

124 3427 179 3488 tas
194 3421 306 3489 luisse
320 3440 362 3489 ac
376 3420 581 3508 productae.
606 3422 661 3489 Ad
682 3423 749 3489 hoc
765 3421 907 3509 quidem
920 3423 1051 3511 operis,
1077 3424 1191 3490 fateor

124 3544 340 3632 simpliciter,
353 3565 433 3612 cum
447 3544 529 3612 olim
544 3544 694 3632 primum
706 3545 857 3631 accessi,
873 3547 980 3633 longe
994 3548 1138 3616 aberam
1153 3551 1192 3611 ut

123 3686 338 3754 persuasum
364 3668 533 3737 haberem
560 3669 749 3737 Anastasio
779 3669 1044 3739 bibliothecario
1077 3669 1189 3738 fuisse

124 3790 306 3877 ingenium
319 3796 392 3858 tam
407 3791 589 3880 multiplex
604 3796 639 3859 et
652 3794 871 3861 tortuosum¹
888 3815 895 3861 :
915 3794 1009 3880 quod
1025 3793 1055 3861 si
1066 3791 1191 3879 praevi-

124 4046 239 4110 temporis
258 4047 389 4108 tenuerint,
403 4052 527 4096 narratum
540 4052 578 4096 est
595 4047 619 4096 in
636 4046 693 4096 Vita
706 4049 837 4098 Benedicti
850 4049 897 4108 ΙΙΙ,
919 4062 940 4097 c.
961 4059 1021 4110 vul,
1038 4059 1065 4110 x,
1083 4060 1126 4108 xv,
1143 4059 1190 4097 xv1

126 4125 244 4189 (Vignoli,
260 4133 279 4175 t.
295 4129 339 4189 lll,
352 4142 377 4191 p.
392 4129 445 4188 llt,
463 4129 585 4190 150,153,
603 4129 664 4192 lat).
683 4129 721 4178 cf.
737 4129 809 4190 intra,
825 4144 847 4177 c.
863 4140 893 4179 11.

156 4208 179 4253 l.
194 4205 226 4256 V.
242 4219 269 4253 ea
282 4219 335 4266 qua
347 4205 404 4255 olim
414 4206 444 4256 de
456 4207 581 4257 Anastasio
591 4206 769 4257 bibliothecario
783 4208 912 4259 clementer
930 4209 1065 4260 scribebam
1079 4210 1103 4261 iu
1122 4224 1192 4276 opus-

125 4283 178 4334 culo
192 4299 198 4333 :
214 4283 328 4334 Hudrr'en
340 4287 366 4335 ll
378 4290 402 4336 et
417 4285 452 4336 les
466 4287 565 4351 {nasses
578 4286 724 4350 decretales,
737 4302 760 4352 p.
777 4290 816 4338 28.
