2954 5050
196 515 414 577 tnxsrxstt,
438 515 636 568 HADRIANO
658 517 753 569 PAPA
771 515 808 582 lt,
824 517 1001 569 FORTUNA
1016 517 1126 568 vante
1159 517 1205 568 209

140 660 178 728 in
202 662 263 729 hoc
292 661 426 748 quidem
456 661 593 730 aemulus
620 659 739 749 Sergii,
768 661 918 750 magistri
941 661 1084 730 militum
1107 671 1204 750 atque

139 797 218 845 cum
232 786 329 865 nepte
341 777 464 846 Nicolai
479 775 495 844 l
509 778 718 847 matrimonio
735 777 914 867 conjuncti,
931 778 1000 867 qui,
1019 776 1099 846 dum
1115 798 1205 846 sum·

140 913 218 961 mus
230 893 285 961 ille
299 893 439 981 pontifex
455 902 637 963 extremum
659 895 811 984 spiritum
833 895 993 981 trahebat,
1015 896 1205 964 thesaurum

140 1011 229 1080 sedis
243 1011 552 1101 aposolieaeluratus
563 1023 611 1082 est
621 1013 642 1081 ¹.
657 1013 770 1102 Neque
779 1013 985 1099 Anastasius,
999 1033 1064 1101 qua
1075 1011 1207 1082 miseria

141 1148 178 1197 se
192 1128 383 1216 depressum
402 1129 540 1218 dicebat,
559 1132 618 1199 bac
637 1140 706 1199 erat
728 1130 904 1221 impeditus
927 1129 1007 1218 quin
1029 1128 1100 1198 aliis
1119 1149 1208 1198 sum·

141 1265 238 1313 mum
269 1244 450 1314 cruciatum
480 1246 703 1334 immaniaque
737 1246 894 1335 supplicia
931 1254 1075 1333 pararet,
1112 1265 1205 1332 cum,

142 1361 261 1430 eodem
277 1360 332 1428 illo
351 1362 551 1451 interregno,
570 1373 682 1432 auctor
698 1362 795 1431 fuerit
811 1372 848 1430 ut
868 1361 1060 1449 Adalgrimo
1074 1359 1114 1430 ad
1136 1381 1207 1430 aras

143 1477 334 1567 suppliciter
348 1477 550 1567 confugienti
564 1479 781 1549 effoderentur
795 1478 881 1547 oculi
900 1479 1077 1568 linguaque
1092 1478 1207 1548 evelle·

144 1592 270 1664 returt.

150 1693 153 1700 ’
190 1713 300 1800 Atque
314 1712 349 1782 in
374 1713 426 1783 bis
445 1713 543 1783 etiam
564 1714 604 1784 ad
619 1712 769 1783 Adonem
788 1713 904 1783 litteris
918 1719 985 1782 non
1004 1721 1070 1781 tam
1084 1711 1207 1782 Nicolai

144 1829 285 1920 gloriam
307 1852 407 1918 quam
428 1852 523 1901 suam
535 1831 702 1921 propriam
719 1830 895 1920 cogitabat,
919 1831 1062 1918 dumque
1076 1828 1210 1899 defunc·

121 1954 219 2014 -tum
241 1947 428 2035 pontificem
449 1948 679 2018 miserabiliter
697 1947 864 2038 laudabat,
880 1946 968 2017 aliud
989 1945 1211 2015 meditabatur

144 2062 334 2152 consilium,
357 2063 443 2154 quod
462 2085 522 2134 nos
541 2065 568 2134 si
589 2064 800 2134 manifestum
818 2063 923 2132 facere
932 2062 1129 2151 poterimus,
1143 2082 1209 2130 nou

143 2178 243 2247 modo
265 2201 338 2266 quae
354 2178 424 2268 jam
444 2180 653 2270 probavimus
671 2180 711 2248 de
725 2180 890 2248 Anastasii
907 2176 1042 2266 ingenio
1060 2187 1092 2246 et
1111 2177 1210 2246 rebus

144 2295 247 2382 gestis
269 2296 507 2366 confirmatiora
531 2294 743 2384 videbuntur,
760 2296 817 2365 sed
840 2296 939 2364 etiam
963 2315 1075 2372 rerum
1087 2294 1210 2363 Roma·

145 2431 280 2500 narum,
294 2433 366 2500 quat
380 2413 434 2481 illo
453 2422 598 2501 tempore
618 2412 764 2497 luerunt,
781 2412 899 2482 clarius
913 2411 1080 2502 apparebit
1094 2419 1208 2481 status.

191 2526 305 2616 Itaque
317 2550 393 2597 cum
408 2531 600 2599 Anastasius
620 2533 686 2599 hec
701 2529 742 2598 ad
757 2529 909 2598 Adonem
925 2529 1112 2617 episcopum
1130 2527 1211 2598 scri·

145 2644 421 2734 beret,lticotai1
445 2647 481 2714 iu
504 2647 611 2716 locum
626 2646 697 2736 jam
718 2647 872 2716 suffectus
897 2654 967 2715 erat
989 2666 1090 2715 novus
1113 2665 1208 2734 papa,

145 2805 251 2857 Decreta
268 2804 383 2856 Hadriani
406 2806 438 2869 ll,
458 2820 514 2856 cum
534 2806 614 2856 omnia
627 2805 747 2858 Anmtasii
761 2805 874 2867 facinora,
893 2804 1037 2856 conservatis
1055 2802 1211 2868 temporibus,

146 2892 283 2950 narrentur,
301 2887 372 2949 hujus
381 2886 531 2951 direptionis,
547 2887 609 2937 iuter
622 2902 712 2952 eaquae
725 2887 755 2936 ad
770 2887 860 2936 Nicolai
871 2892 897 2937 et
907 2884 1020 2936 Hadriani
1033 2890 1141 2949 tempora
1155 2897 1210 2948 per-

145 2967 236 3027 tinent,
250 2967 407 3031 interponitur
421 2968 623 3018 commemoratio.
643 2966 745 3030 Deinde,
762 2967 781 3016 si
799 2966 863 3016 istud
880 2964 975 3016 furandi
992 2979 1075 3028 genus,
1096 2963 1212 3024 regnante

146 3062 221 3112 papa,
240 3046 278 3096 vix
292 3049 397 3097 exerceri
410 3048 509 3113 impune
521 3054 623 3113 poterat,
638 3047 727 3098 scimus
740 3053 822 3097 tamen
833 3049 885 3110 iam
901 3052 953 3096 tum
972 3045 1044 3095 moris
1056 3059 1109 3095 esse
1121 3045 1210 3096 Roma-

146 3142 234 3178 norum
246 3134 283 3191 ut,
301 3142 357 3177 eum
375 3129 526 3193 pontificatus
544 3129 636 3178 reniret
651 3129 676 3178 in
695 3129 869 3190 interregnum,
881 3115 1010 3178 familiares
1029 3125 1136 3176 defuncti
1149 3139 1210 3192 pon·

146 3208 220 3260 tiliois
228 3207 401 3273 patriarchium
413 3209 515 3274 diripere
528 3209 639 3260 solerent.
655 3209 687 3259 V.
702 3210 735 3260 Le
743 3224 811 3274 pope
821 3211 949 3270 Formosa,
960 3223 986 3272 p.
1001 3210 1080 3259 89-90.

180 3293 203 3340 l.
222 3305 276 3340 a...
291 3288 403 3352 Sergium
418 3291 560 3351 magistmm
575 3290 687 3354 militum,
701 3289 819 3340 Theodori
832 3289 944 3352 magistri
956 3288 1062 3340 militum
1075 3288 1160 3352 filium,
1172 3287 1212 3354 qui

147 3370 286 3421 reverende
297 3371 417 3420 memorie
428 3370 514 3420 domno
526 3371 632 3435 Nicolao,
644 3373 712 3435 cujus
724 3376 820 3435 neptem
833 3370 858 3420 iu
872 3370 1010 3435 conjugium
1024 3370 1164 3434 suscipiens,
1180 3371 1214 3419 ita

148 3451 260 3514 ingratus
273 3467 301 3502 ac
313 3451 457 3502 inhumanus
476 3452 609 3516 exstiterat,
626 3458 651 3501 ut
665 3451 761 3522 virente
775 3467 803 3502 eo
820 3458 844 3502 et
859 3451 883 3502 in
903 3451 1014 3501 extremis
1030 3451 1117 3516 posito,
1135 3450 1212 3500 eidem

146 3531 272 3582 thesauros
285 3547 340 3582 suos
358 3533 389 3582 ad
402 3532 564 3598 eleemosynas
574 3531 710 3582 faciendum
721 3547 777 3581 cum
788 3531 892 3597 prefatis
908 3532 957 3582 suis
971 3531 1127 3596 eomplicibus
1140 3530 1213 3579 abne·

147 3619 263 3676 gassetn
286 3613 401 3664 lobannis
424 3629 492 3679 pape
514 3614 570 3666 Vlll
591 3611 706 3679 Epistola
725 3612 761 3664 ad
781 3614 910 3664 urticemoe
932 3613 1022 3664 Gallos
1035 3616 1061 3664 et
1076 3612 1214 3662 Germanos

150 3691 256 3756 (Migue,
268 3699 287 3743 t.
300 3694 410 3756 cxxvi,
426 3709 451 3758 p.
464 3695 531 3754 cte).

180 3775 205 3824 ἓ.
224 3791 237 3820 a
249 3809 277 3830 .‚.
293 3774 474 3837 Quemdamque
488 3773 655 3836 Adnlgrimum
665 3772 695 3824 ad
706 3772 833 3824 ecclesiam
844 3772 985 3835 confugium
997 3771 1127 3822 facientem
1140 3769 1214 3821 oculis

149 3858 175 3905 et
189 3852 272 3915 lingua
284 3854 373 3918 prirari
386 3853 561 3916 suggesserit.»
578 3853 693 3904 lladriani
703 3855 724 3904 ll
736 3857 866 3906 Decretum
877 3855 966 3918 (Perta,
982 3853 1001 3915 l,
1015 3855 1069 3912 tte,
1082 3857 1106 3901 et
1119 3851 1181 3900 iufra
1190 3850 1214 3900 in

149 3934 290 3999 Appendice
302 3936 334 3999 l).
358 3937 391 3986 Ut
414 3934 504 3984 archivi
528 3934 628 3985 llomaui
646 3935 817 3999 direptionem,
834 3935 868 3985 sic
887 3932 1067 3983 insectationem
1081 3930 1214 3994 Adalgrimi

149 4016 181 4066 ab
195 4016 328 4079 Anastasio,
345 4014 404 4066 dum
415 4015 515 4066 vacabat
526 4014 593 4065 sedes
607 4014 742 4080 apostolica,
754 4016 841 4066 laetam
855 4015 927 4065 fuisse
942 4012 1061 4063 existimo.
1074 4013 1145 4075 Nam,
1160 4027 1215 4063 cum

150 4097 176 4146 in
189 4098 293 4146 Decreta
311 4095 424 4146 Hadriani
438 4097 460 4146 ll
480 4095 532 4145 haec
545 4095 592 4145 duo
610 4110 656 4145 una
674 4095 806 4160 eademque
824 4094 919 4161 periodo
936 4094 1063 4157 conjuncta
1079 4099 1215 4154 narrentur,

150 4186 204 4230 tum
219 4178 294 4226 etiam
309 4175 354 4225 nisi
368 4176 452 4226 civitas
465 4177 515 4226 siue
525 4175 626 4241 imperio
640 4176 723 4226 fuisset
736 4182 807 4240 atque
821 4175 845 4224 in
858 4176 903 4224 bac
912 4180 987 4234 tanta,
999 4188 1071 4239 quam
1083 4187 1137 4223 mox
1147 4174 1214 4224 ride-

151 4258 242 4322 bimus,
261 4272 341 4308 rerum
366 4257 545 4322 perturbatione
566 4257 692 4322 permixta,
714 4255 897 4306 Anastasienum
916 4253 973 4303 illud
993 4254 1105 4305 atrociter
1127 4255 1215 4305 factum

152 4337 406 4404 ponam,autsaltem
420 4337 601 4403 inquisitionem
621 4353 667 4387 uon
680 4337 787 4388 vitasset.
805 4338 874 4397 Quod
892 4341 973 4386 tamen
991 4336 1127 4388 Hadrianus
1147 4351 1217 4401 papa,

152 4425 264 4472 uertente
276 4425 372 4471 tautum
385 4433 447 4470 auno
456 4419 512 4485 868,
527 4417 597 4484 plane
606 4424 690 4468 uotum
698 4417 810 4469 habuisse
820 4418 923 4472 ridetur.
963 4465 967 4474 ,

1067 4507 1095 4556 fl
