3006 5050
471 459 635 512 eubulus
656 455 897 508 OSTENDITUR

1169 450 1212 499 lta

146 617 230 674 modo
253 615 311 670 suis
332 610 457 666 omnibus
479 623 522 662 re·
574 602 682 675 ejectos
701 603 787 672 etque
811 597 868 653 suis
920 594 999 669 quod
1020 593 1061 650 illi
1083 593 1215 666 potentia

146 705 253 771 uestiti,
281 703 354 756 uires
390 697 522 754 aduersus
574 692 660 748 rebus
708 687 869 760 expoliatos
920 683 1063 740 saecularis
1091 682 1214 738 ademe-

149 796 311 864 impeleutes
343 804 371 844 se
403 789 524 854 intepros
576 779 711 836 ecelesias
737 775 870 849 proprias
920 777 966 830 rat
985 790 992 830 :
1012 776 1153 845 quatenus
1174 770 1214 826 sie

148 883 278 938 aarum.
294 881 355 938 Non
369 878 441 932 enim
453 877 526 930 iuer·
575 868 669 941 primo
679 864 768 936 recipi
779 866 810 918 et
818 880 871 918 sua
921 862 1050 919 deinde
1072 876 1133 933 pro
1140 858 1216 932 pria

147 973 204 1026 mis
236 984 297 1024 eum
330 969 437 1023 ormoto
473 965 526 1018 rito
576 956 669 1028 primo
698 953 739 1009 eis
770 951 871 1008 omnia
922 951 989 1007 sede
1008 966 1062 1006 neu
1081 966 1138 1004 non
1157 963 1216 1003 orn-

150 1057 306 1126 conatuum
327 1054 399 1108 inire
421 1052 522 1120 potest.

227 1144 372 1215 (dignae.
382 1139 467 1206 CXIX,
479 1153 525 1208 ep.

265 1233 326 1296 loti,
367 1246 396 1301 p.
442 1229 526 1294 lllt);

262 1321 344 1388 taffo,
358 1335 388 1374 n.
399 1319 491 1384 asaal

176 1439 292 1495 Nmonar
320 1450 354 1489 lo
378 1445 503 1486 sruonuu

160 1529 363 1584 Sunssrourmu
388 1533 528 1575 errarem.

192 1618 384 1694 Frequentius
405 1612 531 1670 intimati

156 1709 255 1768 cleriei
262 1707 310 1781 qui
318 1703 530 1762 evidentissime

158 1796 361 1869 irregulariter
380 1793 415 1848 ab
435 1791 530 1848 officio

159 1888 303 1962 ¹graduum
331 1898 450 1938 suorum
470 1897 530 1935 sus-

157 1976 241 2050 pensi
259 1973 346 2029 luisse
362 1971 531 2035 naseuntur,
579 1942 657 2013 iuste
683 1954 718 1996 VO
731 1953 767 1990 en

159 2070 188 2122 et
206 2065 275 2120 hino
299 2060 396 2117 sedem
422 2060 533 2130 aposto-

159 2157 244 2211 licam
260 2149 417 2223 saepissime
432 2161 533 2219 provo·

161 2261 241 2299 casse
274 2237 420 2296 nonnullis
457 2233 532 2290 indi-

161 2327 534 2402 eiiseomprobantur,ante

162 2423 264 2480 omnia
287 2417 416 2492 pristinis
436 2413 534 2487 gradi-

161 2514 216 2568 bus
248 2514 277 2565 et
310 2505 412 2564 oliloiis
444 2503 535 2559 reior-

163 2600 237 2656 mati
256 2595 422 2664 consistant,
447 2594 537 2649 itaut

161 2687 306 2762 prioribus
319 2682 426 2739 redditi
440 2679 537 2752 gradi-

163 2779 217 2834 bus
228 2779 257 2832 et
271 2774 420 2831 ordinibus
431 2774 459 2826 et
469 2786 536 2840 quo-

165 2869 230 2924 dam
249 2864 327 2920 modo
342 2864 401 2918 suis
414 2860 537 2921 omuibus

162 2955 297 3020 revestiti,
313 2953 387 3007 uires
407 2949 537 3004 aduersus

164 3045 325 3114 impetentes
358 3055 387 3096 se
416 3040 538 3106 integros

164 3133 295 3192 ,babeant
309 3131 371 3188 Nou
380 3129 453 3182 euim
465 3127 539 3180 iuer-

165 3224 218 3279 mis
229 3237 290 3284 eum
300 3221 406 3273 armato
417 3218 469 3270 rite
481 3229 540 3268 eou-

166 3313 270 3380 llictum
284 3305 356 3363 inire
366 3308 466 3376 potest.

202 3394 410 3469 (dignanda,
420 3409 465 3464 ep.
478 3395 538 3458 107,

237 3465 540 3558 prostrastratum.)

182 3613 298 3666 Nicoom
312 3626 348 3664 aa
367 3609 530 3663 Hrucuanuu

312 3716 396 3755 emsa.

204 3800 247 3855 lta
262 3797 402 3852 duntaxat
416 3797 448 3849 ut
463 3793 542 3866 prius

170 3887 230 3959 ipse
256 3883 404 3940 Rothadus
436 3881 543 3937 eunctis

576 1051 744 1125 legaliter
771 1047 872 1106 reddi

577 1141 668 1198 saneti
682 1155 806 1195 canones
820 1135 872 1192 de-

577 1231 738 1296 creverunt,
758 1229 787 1282 et
805 1242 873 1298 pos-

578 1321 627 1373 tea
665 1317 689 1372 si
723 1315 786 1389 quis
823 1329 873 1369 eos

579 1422 714 1463 accusare
740 1401 873 1470 voluerit,
907 1469 910 1476 Ι

580 1511 663 1568 aequo
684 1492 814 1566 periculo
829 1489 874 1544 la-

581 1601 646 1641 cere
673 1581 871 1638 sanciverunt.

580 1673 692 1731 ludices
705 1687 766 1726 esse
779 1667 876 1723 decer·

581 1765 681 1818 nentes
727 1757 877 1830 episcopos

582 1855 659 1908 reete
682 1848 827 1920 sapientes
849 1846 877 1898 et

720 1937 728 1992 l
768 1938 811 1989 tes
840 1930 878 1990 ad

582 2034 697 2098 tempus
707 2025 810 2094 diuque
820 2022 877 2076 illis

583 2116 730 2184 resumptis
771 2111 877 2168 uiribus

584 2209 609 2261 et
651 2205 709 2259 suis
748 2202 877 2271 potesta-

584 2296 638 2350 tive
653 2290 810 2362 fruentibus
833 2302 878 2341 re-

585 2385 635 2438 bus
663 2383 826 2449 amicisque,
851 2377 881 2430 et

585 2469 637 2527 liei
651 2467 740 2525 servis
768 2465 880 2538 sapien-

585 2561 662 2616 tibus
702 2553 879 2613 consulenti-

586 2651 640 2704 bus
655 2646 756 2703 viris...
773 2645 880 2701 Scimus

587 2740 658 2793 euim
674 2737 793 2791 homines
806 2734 881 2798 iner-

587 2842 642 2881 mes
656 2840 710 2881 ooo
727 2837 805 2894 posse
821 2835 883 2875 eum

589 2914 703 2970 eunetis
739 2913 792 2966 rite
825 2924 882 2978 pu-

589 3017 682 3073 ouore,
708 2999 749 3054 sio
770 3014 823 3053 neo
840 2996 883 3051 illi

590 3091 640 3164 qui
660 3087 745 3160 ejecti
762 3087 807 3140 rel
826 3084 884 3139 suis

589 3178 673 3235 bonis
704 3179 771 3231 sunt
793 3188 885 3244 expo-

589 3267 653 3324 liati
674 3261 816 3321 cumillis
836 3257 885 3332 qui

590 3357 620 3412 in
642 3371 694 3417 suo
714 3355 791 3428 stant
809 3352 885 3404 statu

591 3451 618 3502 et
656 3446 713 3500 suis
750 3443 887 3510 fruuntur

591 3534 686 3590 ornicis
705 3533 787 3600 atquo
800 3527 885 3591 boreis,

592 3622 704 3688 litioore
736 3631 790 3672 nou
820 3629 887 3683 pos-

571 3711 572 3716 ’
592 3707 669 3760 suot.
707 3703 763 3759 Neo
798 3697 889 3754 seculi

593 3805 700 3862 quoque
735 3789 806 3857 leqes
835 3787 889 3841 baee

592 3878 814 3936 saecularibus
829 3875 890 3944 fieri

170 3973 284 4042 ablatis,
296 3973 368 4027 siout
380 3970 541 4036 statuimus,
591 3964 812 4035 permittunt,
830 3956 890 4012 sed

169 4061 346 4133 reeuperatis
371 4059 542 4122 honoribus,

171 4158 196 4209 et
223 4154 296 4210 uires
325 4151 403 4219 torreo
426 4153 545 4217 tempore

170 4245 260 4312 fessus
279 4241 371 4310 priori
390 4237 546 4293 ualetudini

172 4331 298 4392 redditus
312 4342 462 4392 resumens,
484 4325 545 4380 diu-

594 4047 890 4126 priusejeetosvelop-

595 4157 706 4214 pressos
721 4142 770 4194 aut
782 4134 890 4208 spolia·

594 4235 639 4286 tos
649 4246 715 4285 eum
726 4227 783 4282 suis
796 4221 889 4280 omni-

581 4385 583 4388 ·
595 4321 647 4375 bus
658 4315 768 4375 restitui
776 4313 887 4398 jubent,

921 1041 1002 1096 uibus
1017 1041 1076 1095 suis
1092 1041 1155 1093 onte
1170 1052 1216 1092 re-

922 1131 1023 1200 ceptis,
1056 1128 1217 1196 uiribusque

922 1219 1080 1288 resumptis,
1100 1217 1216 1272 restitu-

924 1311 969 1362 tus
979 1306 1041 1376 jam
1053 1309 1079 1360 et
1093 1306 1217 1358 mmotus

924 1411 985 1450 eum
1014 1391 1220 1448 accusatoribus

925 1482 1220 1540 euiscertomioiseom·

922 1587 990 1642 pum
1005 1575 1030 1626 er
1050 1571 1135 1638 litioti
1156 1584 1219 1623 eon·

925 1663 1027 1730 pictum
1038 1662 1132 1729 posset
1146 1657 1220 1712 orri-

925 1764 999 1820 pere.
1016 1746 1093 1814 Quod
1108 1762 1168 1802 uuor
1191 1747 1221 1801 iu

926 1832 1073 1892 mundonis
1105 1836 1221 1904 nepotiis

928 1927 1032 1996 lepibus
1066 1927 1122 1980 tuis
1161 1925 1222 1993 fieri

928 2013 1221 2084 eeuseus,imperator,

928 2104 1020 2158 multo
1036 2099 1129 2171 magis
1143 2102 1175 2153 ut
1191 2098 1221 2153 in

929 2187 1223 2259 ecelesiasticisatque

930 2279 1032 2337 divinis
1056 2279 1225 2333 observare-

930 2377 977 2432 lur
995 2369 1088 2442 pietas
1108 2370 1158 2421 tua
1177 2363 1226 2418 de·

929 2455 991 2516 buit
1001 2450 1171 2526 praevidere.

966 2543 1080 2617 (Migne,
1101 2543 1122 2595 t.
1142 2537 1228 2606 CXIX,

1002 2629 1225 2703 ep.98,p.lt)25;

1001 2717 1225 2785 sarranates.)

932 2875 1100 2930 Nicopolin
1122 2880 1227 2922 cernon

969 2963 1126 3018 consulor.
1169 2969 1229 3008 err-

969 3066 1065 3107 srael.

969 3157 1100 3214 Profecto
1112 3155 1177 3208 ante
1187 3153 1231 3204 to·

935 3248 991 3303 tius
1000 3245 1058 3300 litis
1070 3242 1231 3299 motionem

936 3340 1023 3408 atque
1052 3331 1148 3388 omnis
1174 3327 1230 3382 ini-

936 3424 1009 3478 tium
1018 3415 1230 3481 controversia,

932 3501 1036 3567 sedem
1054 3507 1080 3563 ei
1099 3501 1231 3576 (Ignatio)

937 3599 1086 3674 propriam
1121 3591 1233 3655 restitui

939 3687 1039 3762 procul
1061 3681 1148 3738 dubio
1168 3695 1234 3734 een·
1331 3739 1333 3746 Ι

940 3778 1104 3839 suissemus,
1116 3773 1148 3826 ut
1160 3767 1233 3842 legi·

939 3867 1009 3921 time
1029 3859 1169 3916 nimirum
1186 3873 1234 3910 re-

940 3953 1048 4023 ciperet
1062 3946 1141 4020 quod
1156 3945 1236 3999 nulla

940 4044 1004 4111 lege
1024 4038 1151 4092 dictante
1171 4049 1235 4105 per-

941 4128 1065 4198 diderat,
1083 4128 1170 4196 atque
1185 4139 1237 4194 per

942 4214 1167 4272 ecclesiasticum
1191 4228 1237 4265 ea·

942 4322 1050 4362 nonem
1079 4302 1239 4382 resumeret
