3006 5050
285 472 330 522 tlt
486 469 723 522 anesrtsttts
745 470 903 522 Niconal
926 471 937 521 l
959 470 1142 524 LITTERAS

332 619 362 684 l.
389 616 434 683 At
456 634 531 684 vero
554 635 635 682 num
652 614 717 683 veri
732 615 838 684 simile
852 624 963 703 estut,
990 616 1061 703 qui,
1079 635 1155 684 cum
1169 615 1209 684 de
1227 616 1347 685 Photio

286 730 470 818 Graecisque
489 727 672 800 refellendis
708 741 872 818 ageretur,
904 731 986 799 tanti
1013 730 1151 800 iaciebat
1177 732 1347 801 Anastasii

283 847 382 914 fidem
407 855 440 914 et
453 845 647 933 doctrinam,
672 845 759 914 idem
776 867 870 934 papa,
887 846 915 914 si
939 867 1004 935 qua
1029 847 1137 933 gravis
1158 847 1295 935 quaestio
1311 847 1346 915 in

283 960 355 1029 aliis
369 961 511 1030 ecclesiis
523 961 677 1048 oriretur,
689 962 779 1029 hunc
790 962 944 1030 eumdem
956 960 1139 1049 adjutorem
1154 972 1187 1030 et
1195 963 1348 1031 consilia·

262 1161 264 1166 Ι
283 1076 371 1146 rium
392 1075 593 1165 negligeret?
612 1097 689 1144 cum
707 1076 862 1164 maxime,
877 1085 916 1145 ut
931 1095 969 1144 ex
987 1077 1083 1146 dictis
1096 1087 1236 1164 constat,
1252 1078 1346 1146 Ana·

282 1193 400 1261 stasins
417 1213 481 1260 non
502 1191 598 1260 modo
612 1201 744 1279 propter
757 1192 928 1260 scientiam
939 1192 1061 1279 linguae
1078 1213 1192 1280 graecac
1210 1193 1247 1260 in
1260 1195 1346 1261 hanc

281 1307 481 1396 provinciam
503 1316 689 1394 assumptos
709 1308 764 1393 sit,
781 1308 837 1376 sed
855 1307 932 1395 quia
956 1307 1068 1390 etiam,
1098 1306 1145 1376 eis
1170 1309 1211 1376 de
1238 1309 1345 1377 causis

280 1444 361 1511 quas
373 1421 671 1510 supramemoravi,
686 1432 717 1491 et
731 1423 759 1491 is
769 1423 939 1511 presbyter
952 1432 985 1491 et
999 1422 1071 1511 ejus
1089 1423 1213 1492 familia
1233 1423 1346 1493 lactio-

280 1559 345 1626 que
367 1538 536 1606 Nicolaum
561 1538 797 1608 amicissimum
824 1559 860 1608 ac
892 1538 1088 1608 mirabiliter
1110 1538 1274 1608 iacentem
1302 1541 1343 1610 ab

280 1654 375 1722 initio
397 1655 591 1723 habuerant.

323 1769 492 1858 Numquid
539 1779 693 1858 preterea
725 1768 766 1837 ad
793 1769 973 1858 Byzantina
1017 1771 1147 1857 negotia
1178 1770 1344 1858 spectabat

279 1885 360 1954 illud
376 1885 541 1954 decretum
571 1885 658 1973 quod
681 1884 846 1970 Nicolaus,
871 1906 959 1953 anno
973 1886 1050 1973 863,
1069 1886 1104 1954 in
1120 1885 1344 1956 Guntharium

279 2012 312 2070 et
325 2001 576 2088 Theutgaudum
589 1999 832 2087 pronuntiavit?
846 2012 879 2068 et
891 2009 1003 2068 tamen
1018 2001 1051 2069 bi
1066 2002 1276 2070 condemnati
1291 2023 1344 2071 ar·

278 2117 471 2205 chiepiscopi
485 2136 615 2184 summo
630 2115 787 2203 pontifici,
812 2118 872 2183 hac
886 2115 922 2183 in
939 2136 987 2204 re,
1003 2115 1185 2204 adjutorem
1201 2118 1346 2186 Anasta·

280 2233 367 2300 sium
393 2232 492 2301 fuisse
519 2229 734 2319 contendunt,
758 2231 862 2298 immo
887 2252 963 2300 vero
991 2231 1036 2300 ita
1061 2251 1132 2302 csse
1159 2232 1196 2299 in
1226 2233 1344 2302 ceteris

278 2346 433 2414 omnibus
452 2343 650 2414 affirmante

323 2459 417 2542 Quod
428 2460 526 2529 etiam
540 2460 581 2528 ab
596 2461 775 2530 Hincmaro
786 2461 943 2532 Remensi
957 2462 1183 2551 confirmatur,
1198 2462 1271 2551 qui,
1287 2483 1344 2532 ac·

278 2576 379 2663 ceptis
406 2596 424 2643 a
446 2574 576 2644 Nicoloo
591 2576 706 2645 litteris
720 2577 988 2664 gravissimorum
1002 2578 1180 2646 criminum
1198 2578 1344 2669 refertis,

279 2713 344 2760 uon
360 2693 466 2760 solum
480 2692 520 2759 ad
535 2693 644 2780 ipsum
660 2713 793 2780 papam,
810 2692 867 2760 sed
884 2693 1039 2761 etiamad
1059 2695 1274 2763 Anastasium
1290 2715 1345 2764 re-

278 2809 419 2896 scripsit,
427 2810 516 2876 hunc
534 2806 714 2875 admonens
732 2807 901 2895 inquibus
916 2809 1052 2896 epistola
1068 2808 1191 2878 Nicoloi
1205 2829 1345 2898 peccare

276 2924 340 2991 sibi
354 2920 560 2992 videretur²t
581 2932 710 2990 tantum
728 2931 798 2990 erat
817 2924 1023 3010 exploratum
1048 2923 1228 2992 flincmaro
1258 2926 1344 3013 quid

275 3048 384 3127 posset
397 3039 432 3106 in
447 3038 600 3106 omnibus
619 3037 761 3125 epistolis
774 3036 899 3107 Nicolai
913 3039 1127 3109 Anastasiusl
1142 3038 1183 3108 ln
1195 3062 1260 3129 quo
1271 3041 1345 3112 Re—

277 3153 400 3221 mensis
416 3153 674 3243 archiepiscopus
693 3155 878 3240 exemplum
902 3165 1031 3224 secutus
1052 3166 1101 3225 est
1115 3155 1150 3224 S.
1168 3155 1343 3248 Bonifatii,

276 3268 507 3356 archiepiscopi
520 3267 718 3356 Mogontini‚
737 3269 807 3357 qui,
822 3291 900 3337 cum
916 3271 1008 3339 vellet
1026 3292 1045 3338 a
1061 3271 1214 3342 Zacharia
1228 3275 1345 3361 papaI

276 3385 398 3454 litteras
419 3383 572 3454 adversus
599 3383 758 3472 quosdam
783 3385 949 3473 episcopos
974 3386 1134 3474 obtinere,
1148 3389 1255 3458 sciens
1270 3391 1344 3480 epi-

307 3613 331 3662 l.
350 3625 365 3657 o
379 3641 408 3660 ...
422 3606 555 3658 desistente
572 3605 639 3656 lateri
653 3612 696 3656 tuo
709 3606 843 3667 Anasuaio,
868 3606 925 3657 olim
939 3607 1078 3673 presbytero
1091 3608 1196 3659 ambitus
1208 3608 1343 3674 dampnato

276 3697 300 3742 et
322 3688 428 3754 deposito
444 3694 469 3738 et
486 3686 697 3749 anathematizato,
723 3688 790 3750 cujus
812 3687 926 3737 scelerato
945 3688 1158 3750 magisteriatum
1177 3691 1344 3756 precipitatur

276 3772 349 3821 soror.
357 3788 370 3818 n
382 3768 509 3820 Guntbarii
518 3773 543 3817 et
555 3765 709 3826 Theutgaudi
720 3766 840 3832 Capitale
851 3766 886 3817 cd
896 3767 1050 3819 Nicolaum!
1061 3768 1210 3834 (Fuldeaaea
1216 3771 1342 3837 Ananim,

275 3867 299 3901 a.
315 3853 370 3914 863,
383 3865 423 3915 cp.
437 3850 516 3910 Perta,
529 3853 549 3897 t.
564 3847 584 3911 l,
596 3861 621 3911 p.
637 3846 701 3910 dii).
714 3848 747 3896 V·
761 3853 868 3897 nostrum
882 3848 1036 3912 Prooemium,
1049 3865 1075 3914 p.
1085 3851 1168 3901 21-23.

305 3934 329 3981 2.
348 3930 485 3980 «Ceterum
498 3926 605 3992 epistola
617 3924 698 3975 domni
713 3925 836 3990 apostolici
853 3941 896 3992 par
912 3927 1037 3989 Egilouem
1055 3928 1219 3980 venerabilem
1239 3931 1343 3981 archie-

275 4010 398 4074 piscopum
412 4009 482 4060 nobis
496 4007 600 4069 directa,
621 4005 651 4055 ad
666 4010 746 4055 nostra
759 4008 847 4071 scripta
863 4005 1043 4072 respondentes,
1061 4008 1086 4058 in
1104 4009 1250 4074 quibusdam
1266 4010 1344 4061 aliter

275 4095 404 4139 sonueruut
425 4103 497 4154 quam
517 4102 560 4138 nos
582 4101 631 4137 suae
653 4085 773 4136 sanctitati
795 4091 819 4135 et
838 4088 975 4138 auctoritati
997 4089 1173 4153 scripserimus.
1192 4089 1240 4142 Sed
1257 4097 1343 4141 certus

275 4182 329 4217 aum
342 4171 453 4232 quianon
465 4169 534 4220 aliter
545 4169 596 4232 ipse
605 4167 675 4217 nobis
690 4166 819 4231 rescripsit,
832 4167 878 4216 uisi
893 4175 920 4218 ut
932 4169 1063 4234 inscriptis
1075 4185 1102 4220 ex
1114 4177 1196 4220 noetm
1208 4177 1276 4237 parta
1290 4171 1341 4222 eibi

275 4248 391 4312 porrectis
407 4248 527 4311 incenit»,
544 4255 591 4300 etc.
607 4247 730 4300 lliucmari
744 4245 861 4312 Epistola
874 4248 911 4297 cd
921 4251 1086 4300 Anactorium
1097 4251 1243 4315 religiosum
1257 4251 1341 4304 oddo-

275 4332 323 4377 tem
338 4327 439 4390 (lligne,
454 4333 473 4376 t.
488 4329 596 4390 cxxvt,
611 4343 635 4392 p.
651 4331 707 4393 257,
720 4333 744 4378 et
759 4328 830 4390 inira,
845 4327 869 4377 io
881 4328 1046 4394 Appendice).
