3006 5050
254 419 285 466 '18
353 418 399 468 DE
419 417 586 467 Ntcotso
608 418 704 467 Pars
727 418 735 467 Ι
758 417 927 477 sansoni:
949 418 1228 471 FAMlLllllllBUS

255 559 393 627 istorum
413 559 537 626 fallacia
555 559 606 626 vix
629 559 783 628 credibile
805 569 854 628 est
874 582 939 648 quo
958 572 1051 649 pacto
1071 563 1213 650 potuerit
1233 562 1324 651 apud

256 674 427 743 Nicolaum
448 676 632 743 succedere.

289 790 447 878 Etenim,
473 791 601 860 duobus
629 800 759 859 tantum
789 791 906 860 diebus
933 802 1006 882 post
1032 813 1086 860 cos
1115 793 1251 863 reduces
1284 813 1323 862 er

254 905 373 974 itinere
406 904 604 993 Byzantina,
636 905 776 975 Romam
813 907 912 974 etiam
944 907 985 975 ab
1018 908 1101 976 urbe
1134 908 1325 977 Constanti-

255 1021 363 1107 nopoli
388 1032 520 1089 venerat
543 1020 610 1089 Leo
635 1042 653 1088 a
682 1021 831 1106 secretis,
861 1032 893 1090 et
920 1024 1003 1091 Acta
1029 1025 1168 1091 recentis
1192 1024 1324 1093 concilii

254 1134 441 1224 Byzantini,
458 1147 490 1205 et
503 1136 669 1204 Michaelis
683 1137 888 1226 imperatoris
902 1137 1026 1206 litteras
1043 1138 1150 1206 terens
1160 1140 1183 1226 ¹,
1199 1140 1323 1228 quibus

255 1263 371 1322 cuncta
406 1275 518 1322 rerum
552 1263 719 1342 gestarum
758 1257 860 1323 series
896 1255 1030 1324 cuilibet
1065 1257 1187 1343 legenti
1223 1259 1324 1326 inno·

254 1378 377 1438 tessere
402 1370 497 1456 plane
523 1369 679 1457 poteratt.
705 1370 759 1436 Ad
783 1372 850 1438 baec
877 1381 1054 1439 accesserat
1078 1371 1181 1460 ipsius
1201 1371 1322 1441 Leonis

254 1483 491 1572 testimonium,
511 1484 569 1572 qui
590 1486 691 1555 semel
708 1505 745 1552 ao
765 1485 882 1574 sepius
900 1505 1042 1574 presens
1063 1507 1172 1554 coram
1189 1508 1321 1556 summo

255 1599 406 1684 pontifice
435 1609 584 1687 coetuque
613 1599 839 1669 Romanorum
875 1603 1050 1688 praesulum
1077 1601 1266 1670 Rhadoaldo
1288 1613 1323 1671 et

255 1713 417 1782 Zachariae
440 1714 641 1801 exprobravit
656 1715 851 1802 versutiam,
874 1736 995 1804 eosque
1021 1715 1121 1784 fuisse
1140 1716 1321 1803 Ignatianae

255 1829 534 1899 condemnationis
564 1830 736 1921 participes
759 1831 946 1900 firmissime
971 1829 1178 1900 affirmavit³.
1209 1831 1322 1912 Quid?

251 2050 312 2102 colai
338 2053 419 2117 Epist.
447 2052 484 2102 ad
500 2051 560 2102 cler.
579 2051 678 2114 Cenat,
704 2052 792 2114 Coleti,
817 2057 837 2100 t.
855 2053 896 2115 tx,
916 2067 942 2117 p.
965 2054 1038 2113 13733
1063 2051 1154 2102 Nicolai
1175 2053 1260 2117 Epist.
1281 2055 1333 2110 ad,

251 2133 409 2197 Micionem,
424 2132 494 2195 ibid,
509 2147 534 2196 p.
550 2133 631 2195 1349).
647 2132 750 2182 liabent
763 2133 838 2182 etiam
851 2147 932 2196 passos
949 2148 1000 2183 esse
1018 2147 1044 2182 sc
1062 2133 1204 2182 «continuas
1219 2135 1320 2198 pedicu-

250 2211 329 2260 lorum
343 2212 528 2275 comestiones»,
541 2226 569 2260 ao
584 2211 629 2260 sibi
646 2227 710 2276 uper
723 2218 821 2261 centum
838 2212 931 2262 diemm
947 2213 1025 2277 spatia
1041 2213 1149 2262 omnium
1161 2213 1207 2262 nisi
1222 2229 1321 2263 suorum

252 2291 387 2355 alloquendi
409 2291 546 2340 facultatem
575 2291 649 2341 luisse
676 2292 856 2352 denegatam».
881 2292 972 2342 Nicolai
998 2292 1117 2357 Epistola
1140 2292 1176 2343 ad
1197 2293 1319 2344 Pbottcm

253 2370 351 2434 (Goleti,
364 2369 433 2432 ibid,
448 2385 473 2434 p.
488 2370 567 2434 leot).

285 2455 307 2500 l.
328 2451 405 2499 «Post
418 2449 477 2498 duos
490 2463 545 2498 aero
558 2450 610 2498 dies
622 2450 717 2512 legatus
730 2466 744 2501 a
757 2452 826 2501 nobis
845 2451 989 2516 imperialis,
1006 2453 1102 2504 nomine
1116 2455 1165 2502 Leo
1182 2469 1197 2502 a
1211 2455 1319 2513 secretis,

253 2534 388 2593 susceptus,
410 2528 457 2578 duo
474 2529 597 2579 solumina
616 2530 723 2581 obtulit:
739 2546 840 2595 quornm
862 2546 936 2581 unum
957 2533 1110 2597 depositionis
1138 2534 1228 2594 Ignatii
1250 2541 1321 2595 gesta

252 2608 400 2672 continebat,
419 2608 520 2659 alterum
537 2616 619 2660 cutem
638 2609 668 2661 de
686 2611 775 2660 sanctis
795 2612 899 2662 babebat
913 2613 1058 2675 imaginibus
1070 2620 1131 2663 acta.
1148 2613 1244 2664 Detulit
1256 2627 1319 2678 pre-

251 2695 316 2739 terea
340 2689 402 2739 idem
421 2691 470 2740 Leo
487 2689 623 2753 imperiales
644 2691 738 2740 litteras
760 2691 925 2756 deprecantes,
944 2700 1062 2756 quatenus
1080 2702 1106 2742 et
1127 2693 1150 2741 in
1169 2693 1320 2757 depositione

251 2769 338 2830 lgnatii
352 2775 377 2818 et
391 2770 415 2817 in
430 2769 609 2820 confirmatione
626 2769 705 2819 Pbotii
718 2784 859 2820 consensum
874 2771 1034 2834 preberemus
1046 2777 1071 2821 ot
1079 2770 1294 2820 subscriberemus.
1304 2788 1319 2817 n

250 2849 342 2900 Nicolai
358 2850 442 2913 Epist.
464 2849 501 2898 act
519 2849 614 2899 Orient.
637 2849 799 2914 patriarchas
821 2850 918 2914 (Colcti,
933 2850 1004 2914 ibid,
1025 2865 1050 2915 p.
1070 2850 1152 2914 taso).
1165 2850 1206 2900 (ll.
1222 2850 1318 2901 Nicolai

253 2932 336 2994 Epist.
347 2931 384 2979 nd
397 2930 459 2979 cler.
472 2928 605 2979 Constant.
619 2930 700 2994 (ibid,
716 2944 739 2993 p.
757 2931 839 2994 tert).

282 3012 306 3059 2.
321 3010 390 3069 Quod
411 3010 461 3074 ipse
485 3009 596 3058 Nicolaos
619 3015 702 3074 postea
722 3009 845 3059 confessus
863 3017 909 3070 est,
932 3010 962 3060 ad
984 3010 1075 3060 clarum
1094 3008 1317 3076 Constantinopoli-

251 3096 335 3138 tanum
351 3089 456 3139 scribens
469 3089 603 3151 legatorum
615 3105 711 3139 suorum
725 3090 891 3140 infidelitatem
905 3105 952 3139 non
962 3092 1045 3140 statim
1056 3091 1102 3140 sibl
1113 3091 1188 3139 luisse
1200 3090 1318 3139 manifes-

253 3177 312 3226 tam,
325 3185 337 3214 n
348 3171 472 3234 quamvis,
490 3170 533 3232 ait,
544 3171 591 3220 lzoc
607 3173 631 3220 at
647 3170 697 3220 illa
708 3169 825 3234 concilia,
836 3185 892 3236 parc
903 3169 1094 3220 intercidentibus
1107 3170 1160 3220 illis
1173 3169 1319 3220 Constanti·

251 3249 340 3313 nopolt
348 3248 473 3298 celebrata
482 3253 550 3313 rant,
559 3250 676 3300 videlicet
688 3253 741 3300 tant
751 3251 780 3300 id
787 3251 858 3314 qnod
866 3251 988 3300 aduersas
994 3250 1168 3314 patriercham
1177 3249 1317 3314 lpnuticrn,

250 3343 329 3394 quam
343 3329 372 3379 id
385 3328 455 3394 qaod
466 3344 514 3394 pro
529 3330 612 3379 sacris
627 3329 778 3394 imapinibns
791 3329 926 3380 collectam
940 3333 986 3392 est,
1003 3333 1120 3394 patenter
1135 3330 1276 3392 tnrrwtnt,
1294 3335 1319 3378 ct

249 3410 392 3476 imperialis
406 3410 513 3474 epistola
523 3409 594 3460 clarc
607 3411 823 3461 denuntiaverit»
837 3409 933 3474 (Collati,
949 3418 967 3460 t.
985 3411 1028 3470 lX,
1043 3424 1068 3473 p.
1084 3410 1165 3473 ttlt).
1178 3409 1260 3473 Atque
1272 3409 1319 3458 hoc

249 3491 322 3540 etiam
335 3505 398 3540 nunc
413 3490 548 3554 perspicere
559 3490 638 3555 quiris
650 3491 724 3555 possit
729 3505 738 3553 ;
751 3471 813 3540 scia
824 3489 890 3539 enim
900 3492 952 3553 ejus
966 3489 1074 3552 concilii,
1085 3491 1109 3538 in
1120 3504 1168 3554 quo
1182 3490 1317 3550 Ignatinsa

249 3572 387 3622 Rbadoaldo
408 3577 433 3621 et
449 3571 563 3622 Zacharia
575 3571 701 3620 damnatus
714 3577 760 3634 est,
779 3576 889 3634 exparte
908 3570 987 3619 adbuc
1007 3576 1100 3620 exstant
1120 3585 1231 3619 sermone
1244 3569 1318 3619 latino

249 3653 312 3718 apud
329 3651 461 3703 Deusdcdit
477 3651 607 3716 (collectio
623 3665 757 3712 canonum,
776 3665 801 3714 p.
817 3653 938 3711 tot-512),
959 3649 988 3699 de
1008 3650 1098 3715 qulbus
1116 3663 1162 3710 ago
1178 3649 1249 3714 plura
1269 3649 1317 3698 diri

250 3735 274 3782 in
286 3736 405 3785 Formosa
417 3747 471 3782 mco
481 3732 597 3796 (Lepcpc
607 3733 733 3795 Formosa,
744 3746 768 3795 p.
783 3732 876 3795 123-4).
889 3731 960 3791 Quod
974 3732 993 3780 si
1008 3731 1045 3780 cui
1060 3730 1145 3780 idonea
1158 3745 1211 3779 csso
1221 3730 1318 3780 ridetur

249 3830 277 3865 ca
291 3815 422 3878 excusatio,
436 3813 498 3877 quod
513 3811 636 3874 Nicolaus,
653 3811 678 3859 ia
695 3826 774 3873 groeca
792 3811 875 3874 lingua
890 3811 1039 3876 peregrinus,
1060 3811 1111 3861 lraec
1125 3816 1219 3860 tantum
1240 3825 1318 3870 grance

249 3895 337 3959 scripta
355 3900 407 3944 tum
428 3892 543 3958 temporis
564 3891 683 3953 babuerit,
701 3890 746 3940 hoc
765 3905 812 3940 non
831 3892 900 3942 nobis
916 3905 989 3953 grave
1007 3896 1052 3954 est,
1071 3906 1115 3940 nec
1131 3891 1200 3940 obest
1217 3891 1317 3940 coasilio

249 3980 338 4024 nostro.

279 4055 303 4102 3.
320 4053 347 4104 ld
361 4053 434 4103 etiarn
446 4069 473 4104 ex
485 4052 631 4103 confessione
642 4049 733 4101 Nicolai
749 4051 919 4114 comperimus,
933 4051 974 4115 qui
989 4066 1016 4100 se
1039 4049 1074 4100 cit
1089 4050 1180 4111 legatos
1196 4065 1252 4100 suos
1268 4064 1315 4100 non

248 4132 551 4197 proditoressscxlstimasse,
565 4131 698 4197 «quamvis
713 4131 786 4182 boc...
803 4131 875 4182 Leoe
889 4131 986 4180 secretis
999 4131 1090 4193 regius,
1109 4130 1146 4180 bis
1160 4131 1316 4192 negantibus,

248 4213 273 4262 in
287 4211 347 4262 tecle
361 4212 500 4274 sepissime,
520 4219 591 4277 atque
608 4210 809 4274 constantissime,
824 4224 904 4260 coram
924 4211 995 4260 nobis
1008 4216 1033 4260 et
1047 4210 1192 4274 primoribus
1210 4211 1316 4260 ecclesia

249 4299 335 4343 nostre
344 4294 397 4356 jam
411 4292 527 4343 dixerit».
541 4293 721 4358 Nicolaittpr'sl.
730 4291 766 4344 ad
776 4291 839 4342 clar.
852 4291 983 4342 Constant.
997 4291 1093 4354 (coroa,
1105 4297 1123 4340 t.
1140 4291 1182 4355 lX,
1191 4279 1221 4354 p.
1235 4291 1315 4355 1³75).
