2960 5052
282 417 537 468 nNasTnsrnul
559 419 707 468 lNGENll
729 419 848 468 Plrllln
870 419 1062 470 rnelnuun
1177 424 1205 472 al

141 560 248 647 adest,
283 568 334 629 ter
364 572 544 650 quaterque
575 582 593 630 e
626 563 779 631 manibus
808 565 1091 653 persequentium,
1119 567 1207 636 velut

141 676 271 762 anguis.
289 675 459 762 elabitur¹,
476 686 573 764 atque
595 677 788 766 plerumque
806 678 842 746 in
857 677 951 747 Istrin
965 678 1081 769 latet²3
1104 680 1206 750 donec

142 790 291 878 tandem,
307 790 418 859 audita
432 800 536 860 morte
550 791 668 859 Leonis
682 791 743 874 IV,
760 793 794 859 in
809 792 1008 880 provinciam
1023 795 1206 865 Romanam

142 908 312 994 remigrat,
330 908 370 974 ad
384 929 466 975 nova
479 907 621 975 facinora
636 909 872 995 paratissimus

186 1021 229 1090 ll.
256 1023 333 1090 Haee
356 1022 506 1110 quidem,
524 1024 611 1110 quod
635 1033 757 1112 spectat
776 1024 817 1092 ad
838 1024 907 1111 ipsa
931 1023 1029 1110 lacta,
1052 1025 1207 1094 omnibus

141 1138 279 1205 eruditis
300 1148 376 1206 nota
398 1148 476 1206 sunt
501 1157 560 1206 nee
582 1139 664 1207 ullas
687 1139 810 1206 habent
832 1139 1001 1228 tenebras3
1028 1139 1086 1208 sed
1104 1141 1206 1229 quaeri

141 1262 249 1340 potest
262 1273 300 1321 er
312 1275 375 1340 qua
389 1274 485 1322 causa
497 1255 565 1321 haec
578 1253 696 1322 Leonis
710 1253 756 1322 IV
768 1253 804 1320 in
816 1253 1026 1324 insectatione
1041 1256 1207 1324 Anastasii

143 1379 219 1436 nata
243 1369 286 1436 sit
312 1377 401 1437 tanta
427 1369 617 1457 pertinacia.
646 1367 740 1449 Quod
766 1369 793 1436 si
817 1369 900 1437 nihil
923 1370 1011 1438 aliud
1035 1371 1207 1440 inhaere

142 1494 254 1552 actum
278 1492 501 1570 essetecum
518 1484 691 1552 desertoris
710 1484 809 1551 unius
832 1485 1013 1572 presbyteri
1041 1487 1148 1573 culpa,
1173 1486 1207 1553 id

142 1611 243 1678 certe,
270 1619 459 1685 quanquam
487 1620 584 1666 causa
606 1609 676 1668 erat
699 1599 840 1687 potentis
865 1597 1006 1688 familiae,
1036 1622 1102 1667 non
1130 1620 1206 1669 eum

142 1715 334 1799 tumultum,
358 1734 423 1782 nun
445 1733 498 1782 eas
518 1715 582 1781 iras
604 1715 807 1783 concitasset.
827 1714 929 1782 Porro
947 1714 982 1782 in
1004 1715 1059 1782 illo
1078 1715 1208 1784 decreto

144 1829 231 1918 quod
249 1829 316 1897 Leo
333 1829 395 1916 lV,
414 1828 590 1917 Ravenna,
609 1849 640 1898 a.
658 1831 736 1916 833,
760 1841 873 1897 contra
892 1827 1103 1898 Anastasiu'm
1118 1830 1206 1918 lecit,

143 1945 232 2012 locus
246 1944 381 2031 quidam
395 1953 444 2012 est
457 1954 565 2032 antee,
588 1945 622 2012 ni
636 1944 741 2033 fallor,
762 1964 829 2011 non
845 1945 923 2012 satis
936 1945 1130 2033 exploratus,
1150 1946 1208 2032 qui

146 2069 257 2126 tamen
275 2068 418 2126 nostram
435 2059 725 2146 interrogationem
745 2059 868 2126 solvere
891 2058 1029 2127 videtur.
1050 2058 1208 2128 Summus

145 2175 234 2242 enim
250 2173 404 2261 pontifex,
428 2175 534 2243 verbis
550 2173 764 2262 gravissimis,
780 2174 812 2241 id
829 2173 916 2242 inter
931 2174 994 2242 alia
1011 2183 1108 2263 vetat,
1126 2196 1208 2263 quo·
1299 2207 1302 2215 ·

144 2289 255 2356 miuus
273 2289 447 2356 Anastasio
474 2289 681 2377 apostolicam
706 2287 816 2357 sedern
842 2288 1005 2357 affectanti
1033 2291 1208 2379 quisquam

144 2405 300 2471 auxilium
315 2404 468 2491 praebeat,
484 2414 541 2472 aut
557 2405 585 2471 si
599 2405 673 2491 quis
690 2402 788 2472 fuerit
806 2404 877 2493 ejus
892 2406 1020 2474 consilii
1033 2407 1207 2495 particeps,

143 2521 230 2586 hunc
246 2520 451 2586 anathemate
465 2518 658 2586 obstrictum
674 2520 714 2586 iri
729 2521 920 2606 pronuntiat
936 2541 945 2589 :
968 2519 1132 2609 «Omnes,
1149 2521 1207 2608 ait,

146 2635 201 2720 qui
223 2633 254 2702 ei
281 2633 316 2700 in
342 2634 513 2721 electione,
544 2633 628 2722 quod
653 2633 756 2722 absit,
781 2645 837 2704 aut
855 2637 1061 2724 pontificatus
1087 2640 1209 2705 honore

146 2748 343 2836 adjutorium
365 2759 515 2836 praestare
538 2758 595 2817 aut
617 2749 767 2818 solatium
787 2751 1018 2838 quodcumque
1034 2750 1208 2838 voluerint,

146 2864 243 2931 simili
258 2865 456 2932 anathemati
471 2863 693 2953 subjaceant³.
710 2889 728 2931 u

188 2979 295 3060 Quam
308 2978 456 3047 eamdem
467 3001 538 3048 rem
552 2980 650 3048 etiam
666 2991 810 3067 spectare
824 2980 952 3049 videtur
966 2980 1032 3050 Leo
1046 2979 1093 3048 IV
1109 2979 1144 3048 in
1156 2981 1209 3049 his

145 3093 272 3180 litteris,
281 3114 376 3182 quas,
386 3095 608 3182 eodemanno,
619 3094 876 3164 adAnaslasium
886 3096 1061 3164 mittendas
1072 3096 1208 3184 curavit,

113 3263 117 3266 .
146 3229 221 3276 cum
259 3229 376 3297 nempe
400 3209 574 3296 fugitivum
613 3210 839 3297 presbyterum
867 3211 1074 3299 adhortatur,
1106 3221 1143 3280 ut
1168 3232 1211 3279 ne

146 3343 261 3391 vanam
285 3344 377 3411 spem
396 3327 459 3392 alat
478 3345 584 3412 neque
603 3325 825 3394 adulatoribus
839 3346 953 3394 aurem
966 3326 1124 3414 prebeat,
1139 3326 1208 3412 sed,

129 3427 261 3526 'spretis
284 3441 420 3507 terrenis
443 3439 556 3529 rebus,
583 3440 623 3508 ad
645 3461 801 3528 supernas
829 3441 1003 3530 adspiret‘.
1030 3441 1143 3529 Itaque
1161 3441 1210 3509 vix

177 3625 200 3673 l.
221 3624 299 3673 «tam
313 3622 471 3689 quinquennii
483 3630 579 3688 tempus
593 3624 639 3673 hue
653 3622 756 3688 illucque
771 3623 869 3674 latitans
883 3625 950 3674 velut
963 3626 1050 3687 anguis
1063 3622 1212 3674 discurris.»

145 3703 232 3753 Leonis
247 3704 282 3754 lV
299 3703 413 3768 Epr'slolu
426 3704 463 3754 ad
475 3706 639 3754 Anastasr'um
652 3704 748 3768 (Coleti,
764 3705 833 3769 ibid,
848 3721 873 3770 p.
890 3706 972 3770 11³6).

173 3785 196 3832 2.
215 3785 302 3833 «Ecce
316 3785 369 3846 jam
383 3799 425 3847 per
437 3784 594 3848 quinquennii
609 3791 704 3848 tempus
719 3785 743 3833 in
760 3785 845 3834 alienis
859 3785 986 3849 parochiis,
1009 3783 1034 3833 id
1051 3787 1095 3846 est,
1111 3781 1211 3846 Aquile-

141 3863 258 3927 iensibus,
269 3862 335 3913 velut
346 3864 396 3912 ovio
406 3879 487 3914 errans
497 3864 585 3925 degere
596 3879 623 3913 ac
636 3870 725 3914 temere
739 3865 872 3914 inhabitare
882 3855 1066 3930 praesumpsit‘»
1081 3863 1167 3912 Leonis
1177 3863 1212 3912 Ν

143 3943 224 4004 Epist.
246 3944 284 3993 ud
305 3945 395 3994 missos
410 3946 593 4010 imperatorum
618 3944 712 4010 (coleti,
730 3945 799 4007 ibid,
828 3961 853 4010 p.
872 3947 954 4006 1135).
973 3945 1042 3992 Anno
1062 3949 1142 3992 autern
1167 3944 1214 3994 853

144 4023 283 4072 Anastasius
297 4024 407 4076 Clusium
419 4025 521 4074 accessit
535 4023 627 4089 (ibid).

174 4113 197 4160 3.
214 4113 247 4161 V.
264 4113 367 4162 Tamum
382 4128 453 4164 cone.
465 4116 578 4164 noveno.
592 4128 618 4164 u.
633 4115 678 4164 853
692 4112 786 4179 (Coleti,
797 4111 840 4176 IX,
857 4111 942 4176 lll5);
957 4110 1082 4162 llincmari
1092 4111 1211 4178 Annales,

149 4205 171 4239 a.
185 4193 230 4241 868
241 4193 331 4256 (Pertz,
344 4195 364 4256 l,
376 4193 442 4256 478).

178 4272 199 4320 l.
218 4273 269 4322 «Te
283 4287 313 4322 ne
326 4288 387 4323 rana
410 4288 464 4337 spes
483 4273 596 4338 decipiat,
616 4273 757 4336 caducaeque
772 4272 920 4324 adulationes
934 4272 1082 4326 subvertant.
1100 4273 1148 4325 Sed
1161 4278 1210 4322 ter-
