2944 5060
495 498 688 551 rennuunt
714 497 829 551 rntott
1146 503 1191 554 ill

131 639 246 713 majora
260 640 377 712 negotia
397 644 427 697 et
440 641 616 699 difficiliores
637 660 788 700 causarum
803 641 895 699 exitus
916 641 1019 715 agitari
1032 642 1077 699 vel
1091 643 1193 700 heberi

131 729 290 786 creduntur
300 729 321 788 ¹.
337 730 392 802 Ipsi
407 731 511 804 quippe
525 732 611 805 primi
623 733 653 788 in
668 733 801 798 Ecclesia,
812 731 865 805 ipsi
879 731 1050 789 arundinem
1063 734 1194 790 tenentes

131 818 293 875 metiuntur
324 823 454 875 sanctam
482 821 654 892 Jerusalem,
679 821 733 895 ipsi
759 821 874 878 labricce
900 822 951 878 Dei
980 824 1121 894 praesunt,
1139 821 1195 894 ipsi

132 908 325 980 speculatores
338 909 457 966 civitatis
472 909 524 966 Dei
538 914 615 977 sunt,
629 911 684 984 ipsi
693 911 808 983 arietes,
821 909 875 982 ipsi
888 914 1018 983 pastores
1032 910 1127 984 gregis
1139 912 1195 967 llo·

131 995 243 1066 minici,
254 995 307 1068 ipsi
320 999 463 1054 columnae
478 998 581 1055 domus
593 999 699 1056 summi
717 999 794 1072 regis
809 1000 942 1056 existunt.
964 1003 1008 1056 An
1021 1000 1134 1073 majora
1147 1016 1194 1056 ne·

131 1085 212 1156 gotia
226 1102 325 1142 causas
339 1087 508 1143 interiorum
518 1088 687 1145 clericorum
704 1106 764 1144 esse
777 1088 925 1161 conjicitis,
934 1091 966 1144 ut
976 1089 1082 1146 horum
1095 1105 1195 1145 causas

132 1174 227 1247 nobis,
243 1178 272 1230 et
284 1175 486 1248 cpiscoporum
499 1177 579 1234 vohis
593 1177 710 1249 negotia
722 1177 879 1235 tribuetis?
894 1177 1028 1244 Quamvis
1041 1177 1196 1234 etinlerio·

132 1264 172 1320 ris
186 1263 293 1336 gradus
314 1265 485 1321 clericorum
507 1282 606 1322 causas
621 1266 697 1338 apud
715 1283 777 1334 nos,
798 1284 864 1323 cum
877 1270 992 1340 tempus
1006 1268 1051 1322 vel
1067 1283 1113 1322 res
1128 1283 1194 1322 exe·

132 1353 219 1426 gerit,
242 1370 303 1410 esse
326 1354 482 1425 finiendas,
505 1372 520 1412 e
544 1355 656 1411 diverso
679 1356 778 1428 procul
803 1355 890 1412 dubio
910 1356 1095 1429 colligamus,
1122 1355 1196 1412 sicut

132 1443 235 1499 heatus
253 1460 330 1516 papa
347 1442 417 1499 dicit
440 1443 623 1500 Innocentius
646 1461 653 1500 :
678 1445 709 1502 Si
727 1461 788 1518 qna
805 1449 896 1502 autern
921 1461 1007 1502 cause
1024 1447 1066 1502 uei
1084 1449 1195 1502 conten·

133 1531 222 1588 tiones
247 1534 319 1589 inter
340 1533 449 1590 clericos
472 1537 528 1590 torn
546 1535 693 1604 superioris
718 1535 824 1590 ordinis
848 1551 931 1606 quom
958 1535 1100 1602 inferioris
1115 1537 1196 1592 etium

133 1623 242 1690 foer-int
258 1625 364 1689 coorta,
385 1626 416 1680 ut
433 1624 579 1680 secundnm
592 1623 725 1693 synodum
738 1625 877 1682 Nicenont
889 1625 1059 1694 congregetis
1073 1623 1196 1694 ejusdcm

131 1703 281 1781 prouincia
293 1716 426 1784 episcopis
440 1714 565 1784 jurgium
581 1714 747 1774 terminetur,
761 1727 809 1768 nec
820 1713 903 1768 elicui
918 1713 1008 1782 liceat,
1022 1713 1080 1769 sine
1089 1713 1194 1783 praeju-

135 1799 206 1856 dicio
219 1804 310 1857 tomen
322 1804 447 1858 Romana
459 1802 596 1870 Ecclesia,
611 1803 717 1858 relictis
736 1803 777 1858 liis
796 1802 978 1860 sacertotibus
996 1803 1089 1874 quiin
1104 1802 1196 1858 eodem

131 1892 278 1962 prouincia
295 1893 344 1946 Dei
357 1891 506 1969 Ecclesiam
525 1896 593 1947 nutu
606 1891 701 1947 diuino
724 1891 881 1960 oubnnont,
907 1892 944 1947 od
961 1891 1033 1948 otios
1055 1890 1196 1946 conuolare

129 1980 289 2049 prouincias
299 1975 321 2034 ἲ.
337 1981 380 2034 An
392 1978 632 2051 majoranegotie
649 1979 937 2051 metropolitanorum
952 1982 1063 2034 tantum
1078 1978 1163 2034 ossei
1183 2009 1195 2020 ·

132 2065 257 2122 temini?
270 2065 326 2122 Sed
342 2066 439 2122 audite
448 2084 545 2126 rursus
557 2068 627 2141 quid
640 2069 676 2124 de
690 2067 830 2140 episcopis
840 2071 954 2124 sanctus
966 2070 1109 2124 asseveret
1118 2068 1193 2123 leo:

134 2155 250 2225 Quibus,
269 2155 411 2229 inquiens,
427 2161 479 2213 etsi
497 2158 618 2227 dioniius
641 2160 785 2214 communis
815 2174 868 2214 non
886 2161 934 2225 est,
956 2157 1019 2213 ordo
1044 2161 1134 2214 tomen
1148 2171 1195 2227 oe-

131 2247 236 2300 nerulis
250 2251 286 2302 est
294 2243 320 2314 33
334 2248 362 2302 et
371 2263 472 2302 revera
481 2263 555 2302 unus
565 2248 600 2302 de
611 2250 721 2319 septem
731 2245 864 2303 Ecclesiae
874 2246 1010 2318 gradibus
1022 2249 1075 2314 est,
1086 2248 1195 2302 metro·

132 2332 330 2405 politanorum
350 2334 457 2390 sedicet
481 2338 509 2391 et
522 2335 701 2408 reliquorum
729 2334 929 2408 episcoporum
947 2335 1029 2391 ordo.
1059 2335 1093 2390 Et
1118 2332 1196 2407 quod

134 2421 205 2479 dicit
216 2423 367 2496 Apostolus
379 2440 386 2480 ι
400 2428 505 2495 oportet
520 2427 673 2496 episcopum
685 2425 949 2496 irreprehensibilem
961 2439 1028 2494 esse,
1039 2440 1098 2480 non
1111 2423 1195 2480 video

133 2512 231 2569 minus
245 2513 475 2586 metropolitanis
491 2531 579 2586 quam
594 2514 695 2570 ceteris
714 2513 853 2587 episcopis
873 2513 1033 2570 convenire.
1049 2512 1110 2569 Nisi
1119 2512 1196 2570 sorte

133 2601 300 2674 episcopatu
313 2619 343 2658 se
367 2602 461 2676 privet
486 2602 613 2676 quisquis
636 2604 926 2676 metropolitanorum
946 2603 983 2658 ad
1006 2620 1034 2660 se
1048 2603 1104 2659 hoc
1117 2604 1196 2674 Apo·

133 2691 201 2747 stoli
216 2691 325 2748 dictum
337 2709 394 2748 non
409 2692 530 2748 aestimet
542 2693 697 2766 pertinere.
716 2693 793 2748 Unde
803 2709 855 2748 nos
873 2709 932 2749 non
946 2691 1065 2749 minoris
1083 2690 1198 2748 numeri

134 2796 189 2836 nec
202 2780 318 2836 alterius
327 2781 413 2836 famae
429 2785 616 2850 accusatores,
628 2785 714 2838 testes
723 2782 767 2836 vel
775 2781 886 2853 judices
899 2781 1055 2854 quaerimus
1063 2781 1094 2836 in
1105 2795 1196 2852 nego·

133 2869 183 2924 tiis
211 2869 424 2942 episcoporum,
445 2886 534 2943 mam
557 2869 700 2942 exigimus
719 2869 750 2925 in
763 2871 867 2941 ¹causis
891 2869 1193 2942 metropolitanorum.

135 2957 217 3014 Unde
240 2961 302 3014 tem
320 2959 437 3017 illorum
457 2977 545 3033 quarn
559 2959 681 3016 istorum
695 2959 878 3030 negotiorum
894 2958 978 3016 nobis
997 2957 1089 3014 exitus
1102 2974 1195 3014 roser·

134 3047 197 3103 vari
210 3049 316 3104 merito
331 3050 461 3105 volumus
476 3053 504 3104 et
515 3048 601 3121 jure⁴
624 3048 828 3104 decrevimus5.
845 3048 940 3104 Totius
958 3047 1038 3103 enim
1052 3046 1194 3116 Ecclesiae,

134 3137 194 3192 Iloo
209 3140 336 3210 auctore,
347 3138 520 3210 generaliter
531 3137 753 3194 sollicitudinem
767 3136 904 3209 gerimus,
916 3140 945 3192 et
954 3136 1085 3193 omnium
1096 3134 1196 3208 utique

135 3225 186 3297 qui
199 3227 356 3283 Ecclesiam
370 3227 478 3284 faciunt
496 3244 565 3283 cure
579 3226 812 3297 constringimur,
829 3231 914 3298 etque
930 3226 1061 3282 omnium
1072 3240 1196 3297 quorum

134 3331 188 3371 nos
201 3316 331 3372 maxima
351 3334 420 3373 cura
442 3319 586 3388 exspectat
606 3319 737 3372 nostrum
751 3314 894 3387 praecipue
913 3316 1019 3371 debent
1036 3312 1197 3387 promereri

131 3407 287 3482 judicium,
302 3409 375 3465 sicut
389 3409 569 3466 Innocentius
583 3409 621 3464 ad
630 3408 827 3464 Alexandrum
836 3407 962 3463 scribens
972 3406 1194 3475 Antiochenum‚

134 3513 194 3554 non
217 3498 325 3554 scilicet
346 3496 441 3554 solum
466 3498 766 3570 metropolitanorum,
790 3497 841 3552 scd
866 3500 895 3552 et
919 3496 1050 3552 omnium
1078 3493 1195 3550 omnino

168 3660 191 3708 l.
209 3655 288 3708 Probe
300 3673 366 3722 sune,
381 3663 407 3707 ct
423 3656 521 3722 questio
535 3671 582 3706 non
595 3663 647 3707 erat
661 3655 718 3722 quid
732 3657 783 3720 ipse
798 3655 908 3708 Nicolaus
922 3662 977 3707 tunc
990 3656 1137 3718 decerneret,
1153 3653 1196 3704 sed

134 3736 195 3805 quid
206 3744 277 3788 antea
287 3738 318 3788 ab
331 3737 384 3788 aliis
397 3737 552 3803 pontificibus
565 3743 628 3788 essct
641 3743 767 3787 statutum.

167 3821 190 3870 2.
210 3819 243 3869 V.
260 3817 364 3870 collect.
380 3819 487 3883 Dionys.
506 3816 610 3883 (Migne,
626 3824 645 3867 t.
661 3818 760 3881 LXVll,
773 3833 797 3882 p.
814 3819 879 3880 tlt).
897 3817 953 3867 Hoc
966 3823 1048 3867 autem
1063 3813 1195 3867 Innocentii

135 3898 237 3964 epistola
255 3913 328 3964 quam
340 3903 420 3950 astute
436 3897 546 3948 mutilata
561 3897 606 3948 hoc
620 3897 670 3948 loco
684 3904 836 3962 proponatur,
857 3897 915 3948 sutis
935 3911 1006 3961 supra
1023 3893 1194 3958 demonstrari,

134 3993 162 4044 p.
177 3982 292 4031 ltu-tit.

167 4059 193 4111 3.
206 4061 290 4125 Epist.
301 4059 339 4111 od
348 4059 509 4112 Anactorium
525 4060 627 4126 (Migne,
638 4057 708 4122 ibid,
721 4074 746 4124 p.
759 4060 803 4109 295
814 4056 856 4121 D).

168 4141 192 4191 l.
206 4139 266 4191 lure
278 4139 385 4207 quidem,
402 4142 444 4192 sed
461 4156 531 4205 nore,
553 4154 631 4204 neque
651 4139 749 4202 antiqua
767 4137 863 4188 decreta
882 4135 1021 4199 ravennio,
1041 4135 1083 4187 sed
1103 4135 1195 4186 immu-

136 4221 218 4283 tando,
234 4227 261 4270 ut
274 4227 328 4286 poet
340 4221 401 4272 hanc
413 4220 504 4272 Nicolei
519 4221 653 4286 epistolam,
667 4217 763 4283 synodis
775 4216 959 4283 prouincialibus
967 4217 997 4267 de
1006 4215 1072 4268 nullo
1083 4215 1195 4280 episcopo

136 4301 293 4367 prejudicare
307 4314 355 4351 non
365 4303 417 4365 jam
427 4300 520 4365 liceret,
535 4307 605 4351 antea
618 4314 673 4350 vero
686 4297 788 4350 licuerit.

167 4384 190 4432 5.
206 4382 379 4445 Decernimur,
392 4395 433 4446 ap.
447 4382 562 4433 Constant
573 4379 601 4445 (l.
615 4379 659 4444 c).
