3006 5050
426 436 470 487 ΕΤ
497 435 716 487 nonnosum
745 436 790 486 ET
811 434 998 487 ntcnnvvr
1198 435 1245 484 tce

181 578 313 647 Nicolao
330 577 409 647 dare
425 578 512 665 licet,
532 577 620 666 quod
644 599 680 648 ea
704 587 860 667 potestate
878 597 979 668 quam
995 576 1059 647 sibi
1075 583 1243 666 tantopere

181 692 368 780 vindicavit,
393 693 446 761 ille
470 714 553 781 saepe
570 715 650 762 usus
667 703 715 762 est
733 704 771 761 ut
785 713 954 782 oppressos
969 691 1119 761 homines
1132 689 1246 760 defen·

180 808 284 896 deret,
298 806 438 896 injustos
458 808 647 896 refrenaret,
675 828 767 895 reges
786 819 818 877 et
834 807 996 896 principes
1016 805 1103 896 juris
1117 815 1149 876 et
1163 806 1243 876 recti

181 923 392 1011 admoneret3
412 944 449 992 ex
468 945 534 1012 quo
555 923 617 992 viri
636 923 784 992 catholici
808 923 980 991 Nicolaum
1003 921 1162 1008 Magnum
1189 941 1248 1010 ap·

179 1040 300 1126 pellere
315 1040 430 1107 solent.
449 1040 494 1108 At
509 1060 595 1125 vcro,
615 1038 642 1107 si
658 1039 807 1106 animum
822 1037 1021 1106 advertimus
1036 1036 1077 1105 ad
1093 1036 1246 1127 epistolas

181 1150 252 1242 ejus
269 1155 458 1221 auctoritate
481 1175 517 1222 ac
546 1153 680 1222 nomine
703 1153 853 1240 scriptas,
868 1155 929 1220 hoc
945 1172 1114 1221 summurn
1141 1151 1247 1238 impe·

182 1269 271 1336 rium
285 1269 371 1337 sedis
394 1269 549 1338 Romanae
576 1269 616 1338 iis
643 1268 847 1356 argumentis
867 1288 951 1355 saepe
968 1267 1142 1354 colligitur,
1165 1268 1247 1336 tales

181 1391 267 1450 artes
286 1403 305 1450 a
322 1382 476 1470 scriptore
489 1381 667 1470 pontificio,
681 1380 717 1449 in
730 1381 836 1450 causis
851 1381 949 1450 etiam
964 1380 1073 1468 bonis,
1089 1401 1246 1448 nonnun-

181 1518 283 1585 quam
297 1497 505 1585 adhibentur,
523 1506 560 1565 ut
578 1497 641 1564 illis
659 1497 776 1566 litteris
790 1496 963 1564 accessisse
986 1495 1160 1583 aliquando
1174 1516 1247 1563 ma·

182 1635 266 1682 num
282 1614 426 1682 dolosam
442 1624 675 1702 versutumque
698 1613 872 1698 ingenium
898 1635 1032 1701 prorsus
1056 1613 1245 1700 appareat¹.

227 1729 295 1798 Nec
309 1728 399 1798 enim
411 1729 529 1798 desunt
539 1728 752 1797 eruditissimi
764 1729 836 1811 viri,
846 1738 884 1797 ut
893 1727 1078 1816 Stephanus
1088 1727 1207 1796 Baluze
1219 1727 1246 1813 ²,

181 1854 220 1913 ut
232 1845 391 1913 Ernestus
405 1842 609 1929 Dllmmler³,
626 1845 696 1931 qui,
716 1864 889 1912 causarum
911 1844 1026 1932 nescii,
1042 1842 1140 1932 hujus
1158 1844 1248 1912 calli·

181 1959 291 2028 ditatis
302 1960 459 2028 invidiam
470 1971 570 2028 totam
585 1960 620 2027 in
630 1960 737 2047 ipsum
745 1957 914 2027 Nicolaum
924 1959 1106 2048 rejecerint.
1118 1958 1246 2046 ltaque.

180 2077 354 2163 ignoscant
367 2076 447 2143 mihi
464 2075 563 2163 hujus
577 2067 737 2162 pontilicis
752 2074 947 2162 laudatores,
964 2074 1136 2162 siquando
1163 2095 1249 2161 prae-

180 2195 302 2261 claram
318 2193 408 2260 illam
422 2193 615 2260 memoriam
631 2193 805 2260 obscurare
819 2190 947 2279 videor;
962 2201 994 2259 at
1010 2193 1124 2259 saltem
1135 2190 1167 2258 id
1179 2189 1248 2258 effi·

180 2308 246 2376 ciet
259 2327 354 2376 meus
367 2308 473 2396 labor,
486 2317 524 2376 ut
535 2308 603 2376 haec
617 2308 724 2394 gravis
739 2306 893 2394 suspicio,
913 2327 998 2394 quae,
1014 2307 1114 2375 velint
1129 2307 1247 2392 nolint,

180 2422 218 2490 in
241 2422 412 2491 Nicolaum
431 2432 666 2507 commovetur,
685 2420 755 2510 jam
778 2422 876 2489 levari
892 2421 1018 2490 facilius
1039 2421 1152 2509 possit,
1170 2441 1247 2489 cum

180 2559 244 2622 ego
257 2538 384 2626 primus
397 2538 564 2606 docuerim
579 2547 734 2624 suspectae
756 2536 856 2624 hujus
870 2537 1063 2604 eruditionis
1083 2547 1180 2624 atque
1193 2546 1247 2604 ar·

179 2652 268 2720 tium
280 2652 505 2740 improbarum
518 2673 584 2720 non
599 2662 764 2721 auctorem
789 2651 890 2719 fuisse
914 2652 1023 2740 ipsum
1035 2673 1165 2741 papam,
1191 2651 1248 2719 sed

179 2769 291 2836 virum
302 2769 338 2836 in
354 2767 466 2837 lraude
480 2769 691 2836 exercitatum
703 2767 897 2855 egregieque
909 2765 1148 2855 impudentem,
1158 2766 1249 2833 Ana-

180 2885 320 2952 stasium
336 2883 633 2952 bibliothecarium.

227 2997 287 3066 Ill.
302 2997 367 3067 Sed
377 2997 447 3086 jam
460 2998 501 3066 ad
515 2997 835 3084 argumentationem
848 2994 1248 3085 aggrediamur,primum

182 3125 294 3182 tamen
307 3114 499 3202 incipientes
514 3135 532 3180 a
546 3113 744 3202 quibusdam
762 3111 970 3200 conjectoria,
995 3131 1079 3198 quae,
1100 3112 1248 3200 quamvis

183 3221 222 3296 ex
243 3248 277 3297 sc
298 3249 364 3296 non
383 3249 454 3296 rem
472 3238 594 3297 certam
616 3228 771 3316 effic-iant,
796 3227 830 3294 id
853 3235 964 3294 tamen
987 3226 1185 3296 obtinebunt
1213 3242 1249 3296 ut

182 3345 329 3431 plurium
356 3345 487 3411 tollatur
515 3343 698 3412 admiratio.
733 3342 916 3410 Versamur
942 3341 1033 3410 enim
1063 3341 1249 3410 inlubrico

182 3460 371 3549 disputandi
383 3463 464 3547 loco,
477 3460 511 3526 in
523 3481 601 3546 quo,
616 3461 680 3527 nisi
695 3460 786 3547 prius
799 3456 990 3526 ostendetur
1004 3478 1117 3525 rerum
1133 3477 1249 3524 conve·

181 3575 308 3644 nieutia
340 3586 438 3664 atque
464 3573 669 3662 conjunctio,
698 3595 740 3643 ne
762 3573 978 3642 disertissima
1002 3573 1136 3660 quidem
1158 3572 1250 3640 testi-

180 3690 294 3760 monia
308 3701 413 3759 certos
427 3691 578 3759 homines
592 3702 811 3760 commovent.

216 3900 239 3947 l.
257 3895 326 3956 Quod
338 3895 359 3944 si
371 3895 412 3961 qui
425 3895 476 3946 hec
486 3895 591 3946 nondum
598 3894 727 3957 audierint,
738 3909 794 3956 rogo
805 3901 832 3944 ut
841 3910 866 3944 se
876 3893 1011 3943 sustineant
1020 3889 1133 3955 ajudicic
1142 3889 1251 3951 ferendo,

181 3976 258 4026 donec
271 3991 300 4024 ea
312 3990 364 4040 que
378 3991 432 4026 mox
445 3975 553 4025 dicturus
567 3989 620 4023 sum
632 3974 677 4038 ipsi
692 3973 821 4035 diligenter
833 3971 1022 4022 observaverint.

214 4058 238 4105 2.
255 4056 289 4109 l'.
300 4055 389 4105 Baluzii
411 4058 493 4107 Notos
513 4055 539 4104 in
558 4056 658 4120 Lupum
678 4053 865 4105 amoriensem
879 4053 980 4115 (Migne,
999 4057 1018 4101 t.
1040 4050 1125 4112 CXIX,
1142 4064 1168 4114 p.
1182 4051 1249 4117 609),

182 4137 209 4185 in
234 4136 322 4200 quibus
343 4137 380 4185 vir
402 4135 443 4185 ille
459 4133 612 4184 doctissimus
638 4133 763 4183 Nicolaum
797 4133 821 4181 in
845 4131 894 4181 suis
917 4130 1004 4180 litteris
1024 4132 1082 4183 item
1096 4128 1212 4184 callidum
1226 4136 1255 4182 ct

181 4217 299 4268 audacem
311 4215 384 4266 luisse
396 4215 514 4279 opinatur.

214 4301 238 4348 3.
255 4295 389 4358 lliimmlar,
401 4295 488 4346 Gesclt.
502 4294 622 4358 d.lcstsr.
637 4292 732 4356 ltet'clta
749 4298 768 4342 t.
778 4293 797 4354 l,
808 4306 832 4356 p.
844 4293 930 4342 656-Ἱ.
