2944 5060
348 437 501 492 Utrllln
523 435 723 492 anderlert
749 433 973 490 attinente
1146 439 1192 490 28³

126 586 326 654 muneribus
344 583 479 672 aliisque
498 582 622 653 artibus
636 589 803 672 corruptos
825 601 860 653 se
876 581 916 652 ad
942 589 1069 671 optatos
1089 581 1192 652 eritas

126 699 400 788 percantarent
434 697 476 766 Et
500 701 561 768 hoe
585 695 756 767 succedere
780 715 874 786 posse
903 715 941 767 eo
968 697 1074 786 magis
1103 697 1194 766 vide-

125 818 227 885 batur
252 815 339 904 quod
377 823 449 883 lum
473 813 640 883 lohannes
674 831 770 902 papa,
799 815 870 903 qui,
905 833 924 882 a
954 811 1070 884 Garoio
1097 815 1193 884 Calvo

127 930 295 1020 defuncto,
308 949 344 1001 ex
360 930 431 1000 aliis
445 927 630 1000 Occidentis
646 927 778 1017 regibus
790 929 995 1000 defensorem
1015 939 1111 1020 atque
1132 929 1195 998 im⁴

127 1055 313 1136 peratorem
324 1045 445 1115 frustra
456 1045 638 1134 quesierat,
652 1065 745 1134 spem
759 1045 799 1114 ad
815 1044 942 1115 Graecos
962 1045 1108 1114 initalia
1122 1045 1194 1136 jam

127 1163 292 1232 firmiores
310 1181 346 1232 ao
359 1163 444 1231 mari
456 1162 636 1251 praesertim
647 1157 767 1231 validos
783 1163 951 1252 inceperat
968 1172 1157 1233 convertere
1167 1159 1194 1234 ¹.

172 1279 258 1348 Rem
267 1280 369 1366 igitur
380 1278 694 1361 sensitAnastasius,
711 1299 771 1347 nec
775 1278 846 1366 jam
853 1288 983 1367 tempus
995 1299 1065 1348 esse
1075 1277 1194 1348 Photlo

125 1394 356 1482 maledicendi,
374 1395 444 1483 aed,
458 1399 619 1481 quantum
631 1394 701 1462 lieri
716 1403 855 1483 poterat,
873 1393 1074 1465 blandiendi.

173 1511 212 1578 In
242 1531 281 1580 eo
306 1509 447 1600 proiecto
477 1509 611 1578 homine
644 1510 765 1599 quise
792 1509 969 1600 jactaverat
1001 1512 1192 1581 universum

127 1627 245 1697 orbem
263 1627 298 1694 in
323 1625 479 1694 Photinm
502 1625 692 1714 concitasse,
719 1626 776 1714 qui
808 1625 917 1694 Photii
948 1627 1194 1696 damnationem

127 1741 388 1833 ejectionemque
410 1760 492 1828 opus
517 1761 628 1828 suum,
649 1761 743 1809 suam
771 1740 938 1810 victoriam
965 1742 1192 1830 appellaverat,

127 1859 202 1947 qul,
228 1869 265 1925 ut
291 1874 393 1945 panca
421 1855 462 1924 de
481 1856 593 1924 multis
613 1855 765 1942 referam,
789 1856 941 1924 eumdem
972 1875 1042 1924 esse
1070 1855 1195 1924 dixerat

130 2001 149 2040 e
170 1974 354 2061 falsarium,
390 1992 618 2060 perversorum
646 1972 838 2059 dogmatum
867 1973 1042 2060 cultorem,
1076 1973 1194 2041 lovena

127 2097 235 2156 torem
252 2088 427 2172 malorum,
438 2086 606 2155 homiuem
617 2087 740 2174 peccati
749 2086 1006 2174 perditionisque
1019 2085 1147 2155 illium³
1158 2067 1191 2174 c,

129 2205 188 2294 qui
216 2203 370 2291 denique,
398 2221 474 2270 eum
499 2201 738 2271 Hadrianusll
762 2221 796 2272 se
818 2202 1046 2292 benigniorem
1068 2203 1195 2292 praesti·

129 2321 236 2403 iisset,
265 2317 483 2407 proditionem
510 2317 730 2387 clamitaverat
754 2317 933 2407 violataque
960 2318 1046 2387 sedis
1064 2325 1195 2407 aposto·

129 2437 201 2504 licae
232 2434 373 2522 decreta,
399 2435 460 2502 hoc
485 2431 656 2502 videbatur
685 2434 826 2521 insignis
856 2434 998 2503 audacie
1021 2434 1193 2504 consilium

130 2572 222 2619 nune
261 2549 457 2618 Photianam
488 2548 665 2617 amicitiam
705 2549 865 2618 affectare.
904 2551 949 2617 Al
983 2550 1044 2619 iste
1080 2550 1194 2620 solitus

130 2674 202 2736 erat
239 2683 353 2734 earum
389 2663 590 2754 injuriarum
622 2665 767 2734 oblivisci
802 2685 884 2753 quas
916 2665 987 2733 aliis
1017 2665 1193 2755 intulisset,

129 2779 313 2868 iisdemque
341 2801 421 2868 quos
444 2779 656 2868 percussisset
680 2780 808 2849 infensa
831 2801 933 2848 manu
957 2781 1097 2850 amicam
1120 2801 1196 2871 por·

130 2898 238 2985 rigere
247 2896 436 2984 procaciter.

176 3012 290 3100 Itaque
304 3033 362 3080 sua
376 3020 489 3099 sponte
502 3031 626 3100 suoque
640 3009 772 3080 nomine
781 3009 974 3081 Anastasius
985 3007 1026 3079 ad
1038 3007 1193 3080 Photinm

129 3129 255 3196 litteras
269 3126 398 3195 mittere
419 3148 485 3195 non
505 3125 649 3215 eruhuit,
674 3126 851 3194 amicitiam
874 3127 1086 3214 studiumque
1105 3127 1195 3196 dele·

130 3264 222 3329 rens,
237 3263 336 3330 seque
350 3242 532 3331 adjutorem
547 3243 587 3311 ad
600 3242 766 3310 fortunam
780 3242 891 3311 afflicti
904 3242 1095 3332 patriarchae
1110 3244 1193 3312 rele-

130 3359 271 3430 vandam
289 3356 451 3446 professus
463 3355 489 3428 ⁴.

176 3472 222 3540 At
244 3493 361 3561 parum
381 3471 487 3542 leliees
510 3472 675 3542 blanditia
701 3481 798 3559 atque
823 3472 941 3542 inutile
966 3473 1188 3542 mendacium.

163 3671 186 3717 l.
203 3665 272 3726 Quod
291 3669 319 3714 ut
338 3664 432 3715 facilius
451 3665 579 3727 obtineret,
594 3665 644 3730 lpse
658 3679 717 3731 quos
731 3664 803 3716 vallet
817 3666 909 3728 lagatos
925 3667 1068 3717 nominatim
1082 3663 1194 3730 decianas

127 3752 198 3798 verat
211 3761 218 3796 a
232 3761 244 3792 c
257 3745 320 3806 Quia
331 3759 387 3795 uero
400 3746 451 3795 Deo
463 3746 578 3796 amabiles
591 3746 663 3804 viror.
676 3760 735 3810 quos
748 3747 891 3796 nominatim
903 3745 990 3796 litteris
1004 3747 1124 3811 expetitis,
1140 3745 1195 3812 qui·

125 3825 232 3878 busdam
244 3825 399 3876 incommodis
409 3826 536 3890 impeditos
547 3826 667 3876 destinare
677 3826 838 3891 nequivimus,
847 3827 957 3876 misimus
967 3826 1071 3878 Paulum
1080 3833 1105 3876 et
1112 3829 1194 3889 liuge-

128 3908 199 3958 nium
211 3921 235 3970 c,
248 3911 294 3956 etc.
304 3905 422 3956 iohannis
432 3906 490 3957 VIlI
500 3908 583 3970 Epist.
593 3907 630 3956 ad
642 3905 790 3956 uicinalem
801 3899 1005 3971 imper.'(bligne,
1016 3905 1085 3967 ibid,
1095 3921 1120 3971 p.
1130 3907 1195 3973 aaa).

162 3989 187 4037 2.
209 3987 259 4036 lieo
278 3985 394 4036 iohannis
408 3999 475 4050 papa
487 3988 546 4037 Vlil
558 3986 693 4050 consilium,
716 3987 741 4035 in
755 3986 875 4036 Formosa
888 4000 951 4050 meo,
967 3986 1032 4049 satis,
1056 3992 1084 4035 ut
1104 3986 1196 4052 opinor,

129 4066 249 4118 illustravi
264 4069 335 4130 (part.
351 4066 382 4130 11,
396 4081 417 4116 c.
435 4065 486 4129 111).

161 4149 186 4196 3.
200 4146 232 4196 V.
244 4145 365 4196 anastasii
379 4147 557 4210 Proefotiooem
571 4146 599 4196 io
614 4146 739 4210 synodum
759 4147 817 4196 Vlll
829 4146 932 4210 (iligna,
946 4150 965 4196 t.
979 4145 1091 4210 cxxix,
1105 4161 1130 4211 p.
1145 4142 1193 4212 le).

161 4231 186 4280 l.
203 4229 295 4278 Harum
311 4227 455 4290 litterarum,
472 4242 525 4292 que
540 4229 593 4292 jam
614 4231 770 4291 evanuerunt,
790 4227 938 4294 propositum
956 4231 1029 4292 atque
1051 4227 1196 4290 significatio

129 4327 159 4365 er
172 4323 286 4374 responso
299 4308 380 4360 Photii
394 4307 458 4358 haud
472 4309 573 4358 obscure
584 4309 700 4358 cernitur.
