3006 5050
518 434 681 486 PLENIUS
703 433 945 486 OSTENDlTUR
1217 435 1263 484 443

196 581 322 650 diversa
344 578 471 647 diverso
493 587 638 666 tempore
660 576 734 664 luit,
756 585 804 662 ut,
830 595 896 663 qno
922 595 1008 642 anno
1031 573 1059 643 is
1083 575 1264 664 epistolaris

195 696 339 764 codicem
355 693 513 761 falsarum
536 693 747 761 decretalium
762 691 824 760 sibi
842 690 1089 779 comparaverit,
1114 701 1146 758 et
1166 692 1262 778 plane

194 810 349 900 perspici,
374 819 406 877 et
429 809 522 896 quasi
545 829 604 876 acu
619 807 711 894 tangi
728 815 838 892 queat.

239 925 299 995 Vl.
330 925 372 992 Et
393 925 526 1012 quidem
551 923 677 992 Nicolai
696 922 858 1011 pontificis
878 921 919 989 de
945 942 1042 990 causa
1058 921 1263 991 Rothadiana

195 1062 250 1108 sex
262 1051 293 1108 et
304 1040 417 1107 decem
432 1039 537 1106 adhuc
551 1047 677 1106 exstant
690 1037 844 1126 epistolas,
857 1058 997 1124 quarum
1012 1037 1125 1105 decem
1137 1036 1265 1124 scriptae

196 1155 338 1224 suntab
365 1155 502 1221 ineunte
525 1175 613 1220 anno
639 1153 702 1220 863
729 1153 769 1220 ad
796 1173 921 1220 annum
947 1153 1096 1221 medium
1124 1154 1201 1240 864,
1230 1151 1265 1220 id

195 1280 258 1359 est,
276 1271 469 1357 priusquam
491 1268 660 1336 Rothadus
679 1269 747 1355 ipse
768 1267 908 1336 Romam
924 1265 1096 1355 venissat¹,
1115 1287 1168 1334 ser
1189 1287 1265 1336 vero

194 1386 329 1472 reliquae
342 1394 414 1473 post
429 1384 575 1468 ejusdem
593 1384 769 1452 adventum
781 1382 920 1451 ltomam
930 1381 953 1451 2.
970 1381 1083 1470 ltaque
1095 1383 1263 1450 videamus

194 1499 233 1566 in
250 1509 389 1586 utraque
406 1499 489 1566 serie
508 1517 622 1566 earum
641 1518 740 1585 quam
756 1496 908 1564 dissimili
929 1497 1056 1565 ratione
1067 1497 1262 1565 Anastasius

133 1641 138 1646 ·
195 1614 312 1702 egerit.
424 1609 432 1615 ’

244 1733 274 1796 4.
296 1728 391 1809 Quod
408 1728 448 1794 ad
462 1726 586 1814 priores
600 1727 751 1814 epistolas
766 1728 895 1814 attinet,
909 1729 969 1794 hoc
985 1727 1129 1814 primum
1148 1735 1264 1795 notatu

196 1844 336 1930 dignum
351 1852 411 1931 est,
422 1844 458 1911 in
469 1844 532 1911 illis
543 1844 733 1930 scriptorem
745 1843 963 1931 pontificalem
972 1863 1143 1928 nunquam
1154 1841 1266 1910 decre-

196 1962 276 2028 tales
286 1962 410 2048 aliquas
421 1959 601 2047 priscorum
610 1959 801 2047 pontificum
811 1959 957 2046 opinioni
965 1958 1262 2046 suaepraetendisse,

198 2095 240 2143 ne
250 2076 330 2142 illud
342 2075 475 2162 quidem
502 2097 519 2139 o
533 2073 706 2142 decretales
720 2075 903 2161 priscorum
922 2073 1113 2161 pontificum
1125 2097 1141 2137 n
1163 2093 1265 2140 usur-

195 2210 303 2277 passe.
335 2189 496 2256 Praeterea
520 2187 702 2256 doctrinam
720 2189 811 2256 illam
833 2187 1202 2274 Pseudo-Isidorianam,
1227 2187 1263 2254 in

196 2325 260 2392 qua
274 2305 477 2372 asserebatur
492 2302 665 2391 cujuslibet
675 2303 816 2390 episcopi
824 2302 989 2391 judicium
1003 2303 1184 2391 «majorem
1193 2323 1265 2371 esse

196 2441 351 2488 oausam»
360 2471 369 2506 ,
378 2428 474 2507 atque
489 2419 531 2486 oh
540 2438 611 2486 eam
620 2419 724 2506 ipsam
735 2439 806 2486 rem
818 2419 858 2485 ad
869 2421 975 2486 solum
984 2417 1172 2506 Romanum
1181 2441 1264 2506 pon·

195 2536 317 2602 tificem
335 2533 509 2621 pertinere,
527 2553 697 2621 nunquam
720 2533 863 2601 laudavit
882 2542 938 2601 aut
956 2535 1102 2622 protulit,
1119 2535 1263 2602 'necdum

196 2649 369 2717 ostentavit
381 2648 461 2715 illud
478 2671 487 2716 :
508 2673 525 2714 a
533 2668 600 2715 non
614 2667 707 2736 posse
721 2649 791 2717 sine
812 2649 962 2717 lacultate
983 2650 1263 2736 sedisapostolicae

196 2765 389 2851 congregari
409 2765 508 2831 ullam
525 2755 729 2852 sydodum».
747 2764 827 2845 Quae
847 2786 885 2832 eo
900 2766 1005 2851 magis
1018 2765 1167 2831 miranda
1187 2773 1265 2831 sunt

197 2879 297 2967 quod,
316 2879 470 2947 adhibitis
496 2879 598 2948 effatis
619 2878 682 2947 illis
707 2878 1053 2966 Pseudo-isidorianis,
1071 2877 1264 2946 Anastasius

198 3015 269 3063 rem
288 3016 392 3062 suam
405 3016 503 3080 quam
530 2994 682 3062 facillime
702 2995 874 3082 arguisset,
893 2994 1009 3063 iisdem
1024 3013 1099 3062 vero
1113 2992 1264 3077 sublatis,

198 3111 280 3178 nihil
291 3110 362 3199 jam
381 3109 427 3178 illi
442 3120 577 3179 restaret
595 3109 682 3198 quod
695 3120 803 3198 posset
821 3132 857 3178 ex
878 3119 965 3178 certo
979 3119 1150 3196 vetereque
1171 3109 1265 3177 insti-

197 3234 268 3293 tuto
283 3226 445 3293 exhibere.

242 3341 287 3407 At
309 3339 453 3407 restabat
474 3339 648 3421 Anastasio
671 3339 843 3426 ingenium
864 3348 897 3433 et
916 3339 1043 3407 solertia
1060 3339 1180 3427 quibus
1197 3349 1267 3406 tam

197 3456 281 3523 belle
295 3476 375 3523 usus
392 3465 452 3541 est,
469 3464 506 3522 ut
524 3454 741 3522 llincmarum
756 3464 788 3522 et
804 3455 968 3542 episcopos
985 3453 1095 3522 Gallio
1112 3454 1174 3520 illis
1186 3452 1268 3539 ipsis

198 3572 299 3640 armis
314 3572 563 3659 oppugnaverit,
577 3571 696 3658 quibus
711 3571 735 3637 ii
750 3590 784 3638 se
798 3579 908 3657 tegere
918 3569 995 3658 jure
1010 3571 1191 3657 meritoque
1206 3588 1268 3654 po·

197 3695 316 3754 terant.
342 3685 476 3754 Etenim
497 3686 523 3754 si
546 3686 697 3754 audiatur
716 3695 852 3772 argutus
871 3695 994 3771 noster,
1011 3685 1084 3753 ideo
1108 3682 1269 3771 episcopis

229 3899 254 3946 l.
271 3898 290 3946 l.
311 3912 344 3956 e.‚
360 3911 399 3962 ap.
419 3896 510 3961 lligne,
525 3913 566 3962 ep.
580 3900 611 3948 33
626 3895 708 3965 (lade,
727 3911 782 3946 nov.
798 3896 848 3962 ed,
863 3906 890 3946 n·
904 3895 986 3960 2724),
1007 3911 1045 3960 ep.
1065 3896 1095 3945 34
1120 3895 1165 3958 (3.,
1182 3892 1268 3956 2742),

197 3992 239 4042 ep.
260 3979 290 4026 36
317 3976 360 4040 (3,,
375 3979 457 4040 2723),
481 3993 519 4042 ep.
540 3981 569 4028 36
591 3978 636 4043 (3.,
647 3975 728 4040 2722),
747 3991 786 4040 ep.
805 3979 835 4026 37
860 3978 905 4041 (3.,
926 3976 1009 4039 2743),
1029 3990 1069 4039 ep.
1082 3977 1112 4025 38
1126 3974 1169 4037 (3.,
1183 3974 1268 4038 2727),

197 4071 236 4121 ep.
253 4057 282 4104 47
295 4056 338 4118 (3.,
354 4057 435 4120 2737),
450 4073 489 4122 ep.
505 4059 535 4108 48
551 4058 594 4122 (3.,
606 4057 688 4122 2733),
700 4071 739 4120 ep.
757 4058 786 4106 49
803 4057 846 4119 (3.,
859 4057 940 4120 3739),
955 4069 993 4119 ep.
1009 4057 1039 4105 68
1055 4056 1098 4119 (3.,
1113 4055 1195 4116 2766).

227 4138 252 4185 2.
270 4137 290 4184 Ι.
304 4149 337 4197 e.‚
352 4151 391 4200 ap.
407 4137 496 4200 Miqne,
512 4153 550 4202 ep.
564 4141 597 4187 72
614 4139 657 4199 (3.,
672 4136 754 4200 2782),
769 4151 808 4199 ορ.
825 4137 855 4185 73
870 4135 893 4198 (3
898 4171 915 4198 .,
932 4133 1015 4198 2783),
1029 4149 1067 4198 ep.
1082 4136 1113 4185 74
1126 4135 1169 4199 (3.,
1184 4132 1269 4196 2784),

196 4231 235 4281 ep.
247 4218 278 4266 76
288 4215 333 4278 (3.,
344 4218 427 4280 2786),
441 4232 481 4281 ep.
494 4221 525 4268 76
538 4217 583 4282 (3.,
599 4219 682 4280 2786),
696 4231 736 4280 ep.
752 4219 782 4265 77
798 4216 842 4278 (3.,
853 4214 939 4279 2784);
950 4213 1036 4278 quibus
1050 4215 1110 4264 adde
1120 4215 1268 4264 Sermonem

197 4296 328 4348 oNicoloo
337 4293 363 4346 a:
373 4299 402 4347 24
416 4313 449 4348 m.
461 4296 513 4348 dec.
527 4313 551 4347 c.
563 4299 606 4348 864
621 4295 738 4346 habitum
751 4294 853 4359 (Migne,
867 4309 907 4360 ep.
921 4297 947 4345 74
952 4331 960 4357 ,
974 4309 998 4358 p.
1010 4297 1054 4346 836
1064 4316 1071 4356 ;
1082 4296 1116 4357 3.,
1132 4310 1156 4359 p.
1169 4292 1235 4357 356).
