3006 5050
258 416 288 466 9l
356 413 403 464 DE
423 412 590 464 NlthLAO
611 411 709 463 ΡΑΡΑ
729 411 739 460 l
761 408 930 469 diustius
950 409 1232 462 ssnlulsnlstls

258 559 335 626 chre
352 556 463 625 omnia
482 553 723 642 disposuisset¹.
747 553 794 621 At
804 555 872 621 haec
889 553 1033 620 narratio
1051 553 1204 621 nonnihil
1225 553 1328 621 studii

258 671 378 740 habere
391 670 531 756 videtur,
552 669 640 757 quod
662 668 864 737 Guntharius
888 678 984 756 atque
1007 667 1255 755 theutgaudus,
1272 689 1329 736 ar·

258 787 452 876 chiepIscopi
480 807 570 854 sacro
598 786 780 854 ministerio
808 785 938 874 dejecti,
963 785 1020 855 sed
1042 786 1181 873 quibus,
1208 794 1246 852 ut
1271 787 1327 853 alii

260 902 417 973 Germani
431 902 539 989 plures
547 899 573 990 ²,
598 902 645 970 sic
665 902 803 989 scriptor
822 921 937 970 eorum
960 899 1142 968 Annalium
1162 900 1326 988 fevebat⁸,

260 1018 300 1087 ad
310 1037 401 1106 spem
411 1016 618 1086 restituende
629 1016 799 1103 dignitatis
810 1016 990 1084 adductiah
1003 1015 1144 1084 Arsenio
1155 1015 1325 1092 fuomnct.

259 1132 455 1221 Quanquam
467 1133 557 1201 enim
572 1153 638 1200 non
654 1152 738 1216 nego
751 1134 840 1200 hunc
851 1133 997 1218 legatum
1012 1130 1170 1219 injunctis
1185 1132 1329 1218 negotiis

259 1268 391 1338 operam
400 1244 550 1316 dedissel
563 1245 670 1336 (erant
680 1247 833 1333 pleraque
848 1265 884 1315 er
898 1247 958 1334 eie,
973 1266 1045 1334 quar
1059 1245 1099 1314 ad
1113 1245 1328 1315 commodum

260 1363 441 1432 Hludowici
468 1361 672 1448 imperatoris
699 1362 901 1448 pertinerent
927 1381 1065 1449 quaeque
1094 1360 1230 1429 fortasse
1257 1362 1330 1449 ipse

260 1478 486 1568 apocrisiarius
501 1498 631 1546 summo
642 1477 786 1564 pontifici
799 1477 833 1544 in
849 1485 994 1545 mentem
1008 1475 1199 1565 injecisset),
1214 1485 1329 1544 tamen

260 1611 298 1661 ea
311 1591 497 1679 arrogantia
509 1612 573 1679 que
583 1600 656 1659 tum
668 1591 829 1659 Arsenius
843 1611 923 1659 usus
937 1600 998 1679 est,
1016 1590 1061 1658 ita
1075 1599 1145 1658 erat
1159 1590 1329 1657 memoriae

260 1707 398 1794 prodita,
414 1717 463 1794 ut,
484 1716 601 1794 praeter
614 1705 867 1774 Hincmarianas
883 1703 1167 1793 vituperationes⁰,
1182 1704 1327 1791 Regino,

260 1831 373 1890 auctor
393 1822 492 1891 seculi
516 1822 594 1890 noni
618 1821 822 1910 incipientia,
846 1820 893 1889 sic
912 1820 1077 1908 scripserit
1094 1819 1135 1889 de
1154 1822 1215 1888 hac
1234 1820 1330 1906 lega-

260 1939 381 2008 tione:
409 1961 427 2004 a
453 1938 626 2025 Arsenius,
656 1935 884 2024 apocrisiarius
911 1945 941 2003 et
969 1935 1175 2004 consiliarius
1202 1934 1331 2003 Nicolai

260 2075 363 2142 papae,
378 2053 447 2122 vice
460 2052 562 2140 ipsius
575 2051 718 2120 directus
733 2061 782 2118 est
797 2051 831 2118 in
847 2049 1033 2137 Franciam,
1050 2072 1117 2138 quo
1129 2051 1330 2138 perveniens

261 2178 350 2237 tanta
364 2168 553 2236 auctoritate
567 2177 600 2234 et
614 2175 771 2254 potestate
785 2186 865 2234 usus
883 2173 945 2252 est,
966 2186 1002 2233 ac
1021 2166 1051 2232 si
1071 2164 1161 2234 idem
1174 2186 1330 2236 summus

261 2283 379 2370 presul
398 2279 612 2348 advenisset⁷.
629 2303 646 2344 o

305 2395 354 2463 Ne
379 2394 558 2463 Arsenium
585 2395 718 2482 quidem
743 2405 870 2464 constat
896 2416 916 2464 a
941 2403 1095 2464 consueta
1121 2395 1277 2486 cupidine
1294 2405 1331 2466 et

261 2510 392 2597 astutia,
420 2509 456 2576 in
478 2528 515 2576 ea
536 2510 711 2596 legatione.
734 2520 943 2598 temperasse.
964 2508 1057 2577 Mitto
1077 2531 1166 2578 nunc
1184 2512 1331 2580 occultas

261 2625 332 2692 illas
361 2623 635 2708 machinationes
669 2644 810 2712 quarum
840 2623 993 2713 deinceps
1022 2625 1172 2712 apparuit
1200 2625 1329 2716 exitus3

262 2740 357 2808 mitto
372 2761 409 2809 ea
422 2741 521 2808 etiam
542 2760 615 2828 que
638 2740 724 2807 mala
745 2741 877 2807 fortuna
895 2740 1028 2808 Arsenii
1047 2739 1201 2809 accidisse
1215 2741 1333 2810 viden·

262 2865 328 2943 tur,
354 2877 430 2924 rum
462 2875 580 2943 nempe
612 2874 629 2924 e
659 2855 814 2923 menibus
840 2854 911 2946 ejus
936 2855 1051 2942 elapsae
1082 2866 1161 2924 sunt
1196 2855 1332 2924 lamosae

261 2971 333 3039 duae
348 2971 517 3060 mulieres,
541 2967 718 3038 Waldrada
736 2969 897 3038 fllotharii
914 2971 1001 3058 regis
1019 2970 1214 3059 concubina,
1231 2982 1332 3058 atque

294 3154 317 3202 l.
335 3151 388 3200 «ln
401 3165 504 3213 regnum
520 3151 601 3202 llsroli
622 3151 743 3216 proiectus
760 3151 904 3217 (Arrenius),
923 3153 1055 3218 multisque
1073 3153 1107 3203 ibi
1130 3167 1230 3219 quornm
1249 3155 1332 3214 graue

261 3230 319 3280 illuc
336 3237 434 3280 vereret
451 3231 511 3281 bene
531 3231 662 3297 dispositis,
688 3234 790 3283 Romam
814 3247 923 3283 reverens
945 3239 1018 3284 est.»
1040 3234 1153 3286 Annales
1180 3233 1329 3298 Fuldenses,

261 3325 284 3362 e.
299 3312 344 3361 865
358 3311 447 3374 (Perta,
460 3313 479 3374 l,
495 3311 560 3376 tle).

292 3394 316 3442 2.
333 3391 367 3442 Ut
379 3389 415 3440 eis
425 3390 536 3440 Nicolans
551 3393 560 3440 l
576 3390 703 3441 mollitiem
714 3392 739 3441 in
751 3391 797 3441 hec
810 3405 882 3440 cansa
893 3391 1067 3456 objurgaverit,
1081 3407 1104 3443 a.
1116 3395 1172 3444 867.
1190 3393 1223 3443 V.
1234 3393 1329 3442 Nicolal

262 3469 465 3538 spotadernc.
477 3471 505 3521 in
515 3485 591 3535 repro
598 3471 742 3522 illudowici
753 3472 853 3523 constit.
862 3471 965 3536 (lligne,
974 3477 993 3522 t.
1002 3472 1090 3537 CXlX,
1098 3485 1138 3537 ep.
1146 3475 1199 3534 155,
1210 3487 1236 3537 p.
1245 3477 1329 3538 tlte).

292 3555 315 3604 3.
332 3552 365 3605 V.
381 3550 649 3614 tansmisimus,
660 3551 684 3600 in
695 3566 719 3600 e.
732 3553 777 3601 863
788 3558 812 3602 et
826 3552 871 3601 sot
885 3552 975 3616 (l'ertz,
985 3557 1004 3601 t.
1017 3553 1037 3616 1,
1053 3567 1078 3616 p.
1093 3553 1171 3618 375⁸,
1182 3553 1274 3618 mle),

291 3635 315 3684 4.
333 3631 401 3692 Quod
424 3631 496 3681 etiem
520 3630 636 3682 Arrenius
662 3629 774 3696 deinceps
792 3636 891 3681 conatus
913 3638 952 3682 est
967 3631 1070 3695 elllcere,
1095 3631 1137 3682 sed
1151 3647 1219 3697 spem
1238 3632 1330 3684 frustra

260 3711 333 3762 luisse
347 3710 471 3762 intellexit.
484 3711 518 3764 V.
530 3709 654 3761 llincmeri
667 3710 790 3775 Annales,
804 3725 827 3763 a.
842 3713 886 3762 att
903 3711 993 3776 (Perta,
1010 3714 1029 3775 l,
1045 3714 1101 3774 476,
1115 3718 1141 3762 et
1153 3713 1224 3776 inira,
1239 3727 1262 3762 c.
1278 3714 1327 3778 vl).

291 3795 314 3844 5.
332 3792 403 3852 Vide,
418 3791 552 3852 lateralia,
574 3804 623 3855 qus
640 3788 681 3840 ille
702 3790 795 3840 ratione
810 3790 928 3841 Hlotharii
950 3792 1059 3842 animum
1077 3792 1241 3856 Thietberge,
1260 3793 1328 3842 uxori

260 3871 385 3936 legitime,
397 3870 587 3923 reconciliaverit
602 3869 736 3934 (llinonari
749 3869 870 3934 Annales,
885 3885 907 3922 a.
920 3873 976 3935 865,
992 3887 1017 3936 p.
1036 3873 1126 3937 tce-9),
1139 3873 1164 3922 in
1177 3887 1226 3938 quo
1240 3871 1329 3923 deinde

260 3953 370 4016 apparuit
382 3967 497 4015 magnam
510 3951 584 4002 fuisse
595 3963 643 4000 non
656 3947 709 3998 dico
718 3949 824 4013 Arrenii,
842 3957 868 4000 at
881 3955 945 4001 certe
969 3950 1086 4002 illotharli
1100 3951 1329 4014 dissimulationem,

291 4035 316 4083 6.
333 4034 365 4082 V.
376 4033 499 4084 llincmeri
507 4030 626 4093 Annales,
636 4043 660 4079 a.
670 4030 715 4080 865
724 4029 813 4093 (Perti,
826 4031 846 4094 l,
856 4031 922 4095 869),
938 4031 962 4080 in
976 4032 1064 4096 quibus
1076 4031 1151 4081 etiam
1168 4032 1188 4081 is
1201 4033 1329 4098 episcopus

261 4111 394 4176 Remensis,
404 4113 506 4164 Amenio
521 4128 549 4163 ex
563 4109 713 4164 restitutione
723 4107 827 4160 Rothndi
837 4109 920 4174 iratus,
931 4111 1202 4177 equabilemJ'ndlcandi
1210 4112 1328 4163 rationem

261 4203 307 4240 nou
321 4191 380 4240 setis
392 4190 492 4244 fortasse
504 4193 591 4244 tenuit.

291 4272 316 4322 l.
333 4269 465 4332 Reginonis
479 4273 631 4336 chronicon,
646 4287 669 4322 n.
682 4271 727 4322 866
737 4270 828 4334 (Perta,
843 4271 862 4333 l,
872 4270 938 4334 tta).
