3006 5050
262 463 308 512 668
347 459 551 513 ttttsrnstt
572 459 764 510 lNGENlUM
786 459 833 509 EX
853 458 1054 512 EPISTOLlS
1076 456 1233 508 NICOLM
1254 459 1265 509 t

307 609 338 674 l.
364 605 463 672 Anno
501 602 603 689 igitur
630 603 708 690 866,
737 601 936 672 Hincmems
963 601 1137 672 Remensis
1166 599 1327 690 archiepi-

261 741 376 808 scopus
390 718 590 804 Rothsdum,
606 716 820 786 Suessionicae
837 716 975 787 civitatis
992 720 1177 807 proesulem,
1198 717 1238 786 ob
1257 717 1330 804 epi·

261 834 377 922 seopeli
386 834 616 926 communione
630 833 826 920 probibuit¹.
836 832 986 902 Primum
997 833 1131 921 quidem
1143 831 1327 921 Rothsdus,

260 957 367 1037 spreta
394 947 563 1026 Hinemsri
590 948 802 1034 metropolitae
829 949 1003 1036 sententia,
1031 947 1071 1016 sd
1095 949 1173 1018 alios
1196 948 1329 1037 judices

260 1084 432 1154 provocare
450 1064 532 1131 nihil
548 1073 733 1150 curaverst3
754 1063 811 1132 sed
826 1083 913 1131 enno
937 1065 1013 1151 862,
1035 1085 1111 1133 cum
1126 1065 1228 1134 sensit
1255 1064 1330 1154 epi·

262 1199 373 1266 scopos
384 1199 401 1247 e
413 1189 553 1266 quotuor
565 1176 745 1246 Galliarum
761 1179 935 1267 provinciis
947 1180 986 1247 ed
998 1178 1103 1248 Pistss
1114 1189 1329 1268 congregatos

261 1295 307 1363 sic
328 1294 457 1363 effectos
478 1314 547 1362 esse
566 1303 602 1361 ut
624 1293 795 1362 flincmari
813 1293 976 1382 judicium
994 1297 1239 1382 confirmarent,
1259 1294 1330 1364 Ro·

262 1431 350 1476 mom
364 1429 399 1478 se
411 1410 572 1497 appellare
586 1409 775 1478 exclamavit
785 1410 811 1477 2.
830 1409 970 1497 Jamque
990 1411 1023 1477 in
1043 1431 1081 1479 eo
1103 1420 1173 1478 erat
1201 1419 1239 1478 ut
1265 1410 1329 1478 iter

260 1523 460 1610 Romanum,
486 1525 617 1592 nemine
630 1524 840 1611 impediente,
864 1524 1105 1611 ingrederetur,
1126 1546 1203 1594 cum
1218 1525 1327 1593 subito

261 1640 575 1709 mutareconsilium
591 1650 688 1727 atque
711 1640 751 1708 ad
775 1639 939 1727 synodum
960 1638 1142 1709 Pistensem
1167 1643 1328 1730 appellare

262 1755 350 1825 visus
369 1764 416 1824 est
429 1753 454 1823 ³.

306 1869 377 1951 Quo
403 1891 438 1939 re
462 1869 586 1958 auditu,
617 1870 758 1958 episcopi
785 1869 882 1940 Pistis
912 1871 1035 1958 egressi
1065 1869 1100 1938 in
1128 1871 1328 1941 suburbium

263 1982 476 2053 Suessionicae
506 1983 644 2052 civitatis
670 2004 852 2072 perrexere,
881 1983 1006 2073 ibique,
1040 1984 1165 2073 synodo
1187 2006 1329 2074 congre-

261 2109 348 2185 gata,
364 2099 551 2167 Rothodum
569 2100 689 2168 iterum
716 2109 882 2167 mutatum
907 2101 1070 2168 voluntate
1093 2121 1131 2169 ac
1153 2121 1269 2169 rursus
1288 2102 1330 2170 ad

263 2215 374 2283 sedem
392 2215 575 2282 Romanam
597 2226 839 2302 provocantem,
855 2215 1048 2305 judicamnt
1063 2227 1160 2304 atque
1179 2217 1220 2284 ab
1237 2219 1330 2285 omni

264 2327 452 2394 sacerdotali
469 2326 626 2414 dignitate
641 2327 861 2398 amoverunt⁴.
874 2328 964 2410 Quin
978 2329 1076 2398 etiam
1090 2330 1124 2396 in
1138 2333 1208 2419 ejus
1220 2330 1332 2397 locum

262 2439 364 2506 olium
374 2440 561 2528 episcopum
571 2443 742 2511 suffectum
753 2442 1012 2513 consecrarunt⁵.
1022 2443 1150 2525 Quibus
1160 2445 1205 2512 ito
1214 2445 1330 2533 gestis,

263 2554 407 2642 synodus
420 2553 581 2646 Odonem,
594 2559 783 2648 episcopum
798 2559 1071 2648 bellovacensem,
1085 2559 1225 2628 Romam
1238 2562 1330 2647 lego·

295 2797 318 2845 l.
333 2794 366 2844 V.
380 2793 502 2844 Hincmari
514 2795 636 2860 Annales,
647 2811 670 2846 o.
685 2799 730 2847 861
748 2798 837 2862 (Perti,
850 2798 910 2860 SS„
923 2802 943 2848 t.
955 2800 976 2863 1,
987 2812 1013 2863 p.
1027 2797 1122 2862 tot-6).

199 2893 201 2898 ·
293 2874 318 2924 2.
337 2876 367 2927 V.
385 2875 507 2926 llincmsri
522 2876 643 2940 Annales,
656 2892 678 2927 o.
692 2880 738 2928 862
753 2879 843 2943 (Pertz,
863 2878 934 2939 ibid,
954 2893 979 2944 p.
998 2878 1068 2943 lbi);
1086 2876 1213 2928 Libellum
1229 2875 1334 2942 proclo·

262 2957 382 3005 orationis
402 2955 514 3006 sotiadi
527 2956 624 3020 (Coleti,
640 2957 764 3022 Concilio,
781 2965 800 3008 t.
819 2960 851 3019 X,
869 2973 893 3024 p.
911 2961 980 3023 269),
994 2959 1027 3008 ci.
1046 2957 1139 3023 Helsle,
1154 2959 1271 3008 Histoire
1286 2957 1334 3007 des

262 3035 410 3098 concitent
430 3037 462 3098 V,
476 3052 499 3100 p.
514 3039 598 3088 tes-t.

294 3117 318 3164 8.
333 3115 381 3163 lies
399 3115 432 3163 ita
454 3131 480 3164 se
502 3116 613 3167 habuisse
636 3125 802 3170 asseverarunt
820 3118 925 3184 episcopi
942 3118 982 3184 qui
1000 3117 1137 3169 Rotlrodum
1153 3116 1334 3181 judicaverunt.

263 3194 296 3243 V.
315 3192 406 3242 Nicoloi
421 3195 502 3258 Epist.
516 3196 552 3245 ud
568 3198 696 3264 episcopos
706 3199 801 3264 synodi
812 3199 976 3249 suessionica
988 3199 1092 3263 (Migne,
1102 3204 1121 3248 t.
1134 3199 1222 3259 CXlX,
1236 3212 1276 3262 ep.
1290 3199 1334 3261 85,

264 3288 289 3338 p.
301 3275 346 3323 888
365 3275 398 3334 Β,
413 3273 541 3338 dequibus
555 3275 642 3327 litteris
659 3294 684 3329 v.
704 3278 799 3340 lielele,
819 3278 887 3329 Hv'st.
905 3279 950 3329 des
963 3293 1043 3340 conc,
1061 3285 1080 3328 t.
1095 3279 1127 3342 V,
1139 3293 1164 3342 p.
1180 3279 1292 3336 668618,
1307 3285 1335 3328 et

262 3352 333 3416 lade,
358 3369 382 3404 n.
408 3354 491 3418 2728).
514 3357 618 3418 Negavit
641 3359 741 3424 quidem
754 3359 880 3409 Rotbcdus
898 3375 924 3411 so
944 3374 1050 3424 unquam
1064 3359 1095 3408 ob
1107 3357 1268 3424 appellatione
1282 3359 1333 3408 lio·

263 3448 335 3483 mens
346 3434 477 3484 decessisse
496 3435 531 3499 (v.
550 3436 677 3488 Libellum
692 3439 914 3504 procl.'liotbodi,
931 3439 1018 3503 Coleti,
1038 3439 1119 3505 ibid),
1132 3454 1180 3490 noo
1197 3439 1233 3488 its
1248 3444 1334 3488 umen

264 3521 291 3565 ut
309 3529 361 3563 rem
376 3514 536 3579 manifestem,
553 3532 606 3567 meo
620 3518 718 3582 quidem
726 3520 828 3584 judicio,
842 3520 957 3571 effecerit.
972 3508 1086 3572 Ceterum
1099 3520 1124 3568 io
1137 3520 1181 3569 boo
1193 3533 1229 3580 ro,
1244 3517 1331 3582 luteos,

262 3596 390 3646 veritatem
402 3595 497 3658 assequi
517 3611 555 3646 res
570 3603 607 3646 est
621 3597 772 3650 difficillimo.
795 3602 858 3652 Sunt
872 3600 938 3650 enim
954 3601 1109 3650 tristantem
1123 3598 1261 3650 testimonis
1277 3613 1335 3662 quos

263 3676 385 3742 appellare
413 3675 539 3740 possimus,
562 3676 587 3726 id
609 3683 656 3741 est,
680 3680 806 3730 liincmeri
828 3679 953 3744 Annales,
969 3679 1073 3730 Rotbudi
1094 3678 1203 3731 Libellus
1226 3679 1335 3743 procio-

263 3757 394 3818 motionis,
420 3755 511 3806 Nioolei
538 3758 547 3807 l
574 3757 715 3821 Epistoloe;
742 3775 845 3826 quorum
868 3760 914 3810 duo
935 3760 960 3810 in
983 3760 1078 3826 proprie
1101 3775 1173 3810 causo
1197 3763 1334 3822 versantur,

263 3837 376 3901 tortium,
405 3844 501 3902 propter
525 3837 707 3889 decensionem
734 3839 890 3905 industriam,
919 3841 992 3891 fldem
1019 3841 1152 3905 perlectum
1178 3840 1256 3890 locere
1284 3853 1335 3888 uon

264 3923 352 3980 potest.

294 3996 317 4046 6.
336 3997 367 4048 V.
389 3997 510 4049 Hincmsri
526 3998 646 4061 Annales,
664 4013 688 4048 s.
703 3999 749 4048 862
764 3998 845 4064 (thid,
864 4015 889 4065 p.
904 3999 976 4071 667),
988 3999 1111 4050 Libellum
1122 3997 1335 4066 proclamationis

264 4073 373 4126 llotbudi
387 4077 467 4143 libid,
482 4094 507 4145 p.
522 4081 618 4142 278-2).

295 4155 319 4204 t.
336 4155 367 4205 V.
381 4156 472 4207 Nicolai
486 4159 570 4224 Epist.
579 4159 616 4210 od
627 4158 756 4225 episcopos
768 4172 827 4223 syn.
840 4158 969 4211 Suession.
985 4158 1088 4224 (Migne,
1102 4165 1121 4210 t
1137 4159 1223 4221 CXlX,
1237 4173 1275 4223 ep.
1289 4158 1332 4220 85,

264 4245 290 4296 p.
304 4233 348 4283 888
361 4234 405 4298 6);
422 4237 502 4301 spot.
518 4239 554 4289 ori
562 4240 728 4291 Hincmorum
740 4238 843 4304 (Migue.
860 4237 932 4303 ibid,
946 4254 985 4305 cp.
998 4241 1038 4304 88,
1051 4253 1076 4304 p.
1088 4241 1134 4291 826
1146 4240 1180 4302 Β,
1195 4239 1227 4292 cl.
1242 4234 1331 4290 {lollio

264 4309 415 4376 christiano,
430 4322 448 4366 t.
466 4317 508 4378 tx.
523 4333 549 4384 p.
562 4323 608 4372 866
622 4320 664 4385 Α).
