2954 5050
487 497 651 550 renatus
673 499 919 550 OSTENDITUR
1193 505 1238 552 llll

212 646 258 710 At
272 643 345 730 quis
359 640 472 710 tulerit
490 639 584 709 illum
607 640 727 728 virum,
751 640 808 728 qui
827 641 944 710 Graecis
963 651 1132 730 corruptas
1151 645 1238 730 leges

166 757 327 826 acerrime
347 754 562 843 vituperabat,
585 754 695 841 ipsum
718 755 818 823 simul
837 775 998 824 canonem
1018 779 1145 826 nonum
1159 779 1238 828 cou-

167 871 235 940 cilii
250 870 524 942 Chalcedonensis
538 869 583 938 ita
593 868 629 936 in
637 867 785 937 alienum
797 890 932 939 sensnm
946 871 1132 962 detorsisse,
1149 883 1187 942 ut
1201 894 1239 942 ea

167 1011 242 1078 quae
260 989 295 1057 in
313 987 454 1076 gratiam
474 996 507 1056 et
529 987 672 1055 favorem
693 988 888 1075 patriarcha
912 987 1088 1078 Byzantini
1110 990 1239 1062 decreta

167 1114 274 1193 erant,
294 1105 330 1171 in
341 1103 551 1192 privilegium
564 1102 708 1172 Romani
719 1103 885 1194 pontificis
901 1104 1120 1174 converterit?

214 1219 346 1288 Etenim
368 1219 512 1306 synodus
532 1218 733 1288 oecumenica
753 1217 1050 1288 Chalcedonensis¹
1070 1221 1236 1309 quondam

167 1335 357 1404 instituerat
368 1343 418 1422 ut,
443 1333 470 1402 si
484 1333 559 1421 quis
573 1333 710 1402 clericus
724 1333 816 1402 litern
830 1355 907 1403 cum
920 1335 1071 1423 episcopo
1090 1335 1237 1425 haberet,

167 1473 222 1522 res
243 1455 278 1521 in
299 1450 423 1540 synodo
451 1450 624 1538 propincie
647 1463 812 1538 ageretur,
836 1450 887 1519 sin
914 1461 1025 1520 autem
1044 1451 1169 1520 clericis
1184 1461 1240 1519 aut

169 1567 328 1656 episcopis
349 1566 566 1635 controversia
580 1576 664 1635 esset
678 1586 756 1635 cum
775 1565 1036 1652 metropolitano,
1057 1564 1239 1635 deferretur

167 1703 267 1752 cansa
290 1682 357 1750 sive
380 1681 421 1750 ad
440 1683 615 1750 exarchum
636 1678 843 1768 dioceseos²,
863 1680 930 1749 sive
954 1679 1127 1749 adsedem
1151 1681 1238 1749 Con-

168 1795 507 1886 stantinopolitanam,
523 1794 634 1882 ibique
639 1794 848 1882 judicaretur
858 1793 882 1862 ³.
899 1794 949 1864 De
961 1796 1113 1883 pontifice
1128 1805 1237 1865 autern

168 1912 320 1980 Romano
341 1911 424 1978 nihil
444 1930 578 1998 prorsus
598 1910 633 1977 in
652 1911 713 1977 hoo
739 1929 863 1978 canone
881 1910 1050 1998 agebatur,
1070 1932 1136 1978 non
1151 1911 1238 1998 quod

169 2026 452 2098 chalcedonenses
472 2035 580 2114 patres
604 2025 805 2093 auctoritatis
821 2026 979 2095 Romana
1000 2025 1138 2113 cepisset
1154 2025 1240 2093 obli-

168 2143 235 2228 vio,
263 2141 319 2210 sed
347 2142 395 2208 lex
425 2139 466 2207 ad
493 2141 595 2207 solaxn
621 2137 825 2208 Orientalem
848 2138 1016 2208 ecclesiam
1036 2138 1201 2227 spectabat
1211 2138 1236 2227 ⁴,

169 2256 207 2322 in
232 2276 310 2344 qua,
335 2275 411 2324 curn
435 2274 472 2321 ex
499 2255 654 2323 omnibus
679 2255 827 2342 partibus
850 2254 981 2342 imperii
1005 2253 1239 2322 Constantino-

168 2371 273 2458 polim
285 2369 393 2440 clerioi
407 2369 573 2457 litigantes
588 2369 694 2456 magis
713 2390 749 2438 ac
769 2371 876 2459 magis
888 2371 924 2437 in
939 2369 1010 2438 dies
1020 2369 1235 2458 confluerent,

168 2589 276 2647 maneat,
299 2582 501 2648 quemadmodum
528 2583 640 2634 extiterat
659 2598 673 2633 a
698 2583 767 2634 nobis
799 2588 846 2632 tue
872 2581 1013 2632 sublimitati
1034 2580 1125 2630 directa
1144 2598 1152 2631 ι
1171 2594 1201 2629 an
1224 2596 1239 2629 a

167 2678 295 2729 quoquam
319 2664 394 2714 fuerit
414 2664 568 2728 postmodum
588 2664 618 2714 ad
641 2664 750 2729 superius
773 2668 899 2713 annotatas
916 2661 1097 2726 depravationes
1113 2660 1237 2726 perducta.

168 2744 202 2794 nt
225 2743 344 2808 siquidem
362 2759 405 2809 per
419 2750 552 2794 vestratum
565 2743 671 2808 aliquem
691 2749 787 2794 tanturn
809 2743 874 2793 naias
892 2747 1013 2808 patratum
1034 2746 1072 2789 est
1090 2755 1097 2789 z
1117 2740 1238 2804 quoniam

168 2823 241 2888 apud
260 2823 368 2888 Graecos,
386 2825 465 2874 sicuti
477 2825 573 2875 diversi
586 2825 705 2888 temporis
719 2824 963 2888 scripturaruum,
977 2819 1120 2884 familiaris
1137 2827 1174 2869 est
1187 2821 1238 2869 isla

170 2905 323 2954 temeritas»
340 2910 389 2955 etc.
405 2904 498 2954 Nicolai
512 2905 596 2968 Epist.
610 2907 624 2954 1
628 2903 690 2956 Vod
701 2903 851 2954 Michaelem
865 2901 965 2966 (Migne,
988 2906 1006 2951 t.
1019 2900 1105 2960 CXIX,
1120 2913 1147 2963 p.
1162 2901 1237 2957 {0253

169 2983 258 3046 Goleti,
273 2990 292 3034 t.
305 2985 347 3048 IX,
361 2999 385 3049 p.
404 2983 486 3048 l353).
1032 2991 1033 2994 ’

204 3067 228 3113 1.
245 3065 304 3123 Quae
317 3065 401 3115 habita
415 3069 453 3115 est
466 3078 500 3114 nr.
516 3065 570 3114 Oct.
584 3079 607 3113 a.
620 3066 675 3116 451.
691 3063 724 3116 V.
737 3062 830 3125 Helela,
846 3061 956 3112 Histoire
971 3062 1016 3112 dee
1031 3060 1146 3125 concites,
1158 3066 1178 3109 t.
1193 3061 1236 3122 Ill,

170 3158 197 3206 r·
213 3147 226 3193 ι
242 3159 295 3209 sn·

203 3225 229 3276 2.
246 3224 314 3283 Quod
328 3225 348 3273 si
364 3239 406 3288 per
420 3223 479 3274 illud
492 3223 639 3273 «eruebam
649 3222 796 3273 dioeceseos»
812 3221 962 3284 intelligendi
977 3227 1089 3272 suntnon
1100 3225 1176 3271 solum
1186 3221 1236 3285 pri·

171 3309 250 3353 males
271 3305 388 3366 majorum
405 3303 562 3370 quarumdam
578 3303 761 3368 provinciarum,
781 3301 823 3352 sed
837 3302 883 3366 ipsi
899 3302 974 3351 etiam
988 3303 1136 3367 patriarcba,
1150 3317 1179 3350 ex
1194 3301 1238 3349 hoc

169 3397 261 3434 canone
275 3384 347 3434 flebat
363 3390 391 3434 ut
404 3384 550 3450 Byzantinus
561 3383 669 3448 pontifex
682 3382 712 3432 de
728 3382 869 3433 clericorum
878 3383 956 3432 causis
970 3397 998 3432 ax
1012 3383 1123 3432 universa
1135 3380 1238 3432 Orientis

170 3463 273 3515 ecclesia
289 3465 358 3530 (quaa
373 3465 423 3515 sola
438 3467 482 3514 hoe
502 3463 553 3514 loco
571 3462 702 3526 agebatur)
723 3462 833 3526 judicare
852 3469 940 3527 posset.
966 3463 1043 3523 Quam
1064 3460 1238 3526 interpretandi

171 3544 298 3608 rationem,
315 3549 343 3593 ut
359 3544 423 3609 apud
442 3546 537 3594 Graecos
556 3543 660 3594 valuisse
676 3548 770 3592 constat
785 3543 818 3607 (v.
835 3543 964 3592 lastiniani
978 3541 1079 3593 Novell.
1096 3544 1137 3605 et,
1150 3555 1171 3590 c.
1187 3540 1237 3604 22),

169 3624 205 3674 sic
220 3638 273 3674 esse
286 3625 403 3675 rariorem
413 3622 585 3675 demonstrarit
598 3622 683 3672 Helela
697 3623 721 3671 in
731 3622 797 3672 Htrt.
807 3622 852 3672 des
865 3637 944 3687 oona,
958 3627 977 3671 t.
990 3624 1035 3686 lll,
1046 3637 1071 3686 p.
1088 3622 1199 3670 realta.

150 3701 151 3709 ’
202 3709 227 3757 3.
245 3709 307 3758 Ecce
319 3719 434 3755 canonem
448 3718 526 3766 greco
543 3717 652 3753 sermone
666 3702 757 3753 iactum
772 3718 778 3752 ι
793 3703 823 3754 Εἰ
838 3701 863 3750 δὲ
880 3703 921 3750 ιιοιὶ
941 3701 1052 3766 κληρικὸς
1071 3701 1123 3764 ἔχοι
1140 3702 1238 3764 πρᾶγμα

170 3787 230 3850 πρὸς
238 3787 278 3835 τὸν
291 3785 353 3834 ἴδιον
367 3784 496 3835 ἐπίσκοπον
508 3782 524 3840 ἢ
535 3783 593 3848 πρὸς
605 3781 693 3846 ἕτερον,
707 3783 772 3848 παρὰ
780 3787 809 3846 τῇ
820 3782 914 3845 συνόδῳ
925 3782 966 3841 τῆς
975 3780 1089 3845 ἐπαρχίας
1098 3779 1236 3836 δικαζέσθω.

170 3867 200 3915 Εἰ
210 3866 298 3930 δὲπρὸς
305 3866 345 3915 τὸν
352 3867 394 3925 τῆς
401 3861 474 3924 αὐτῆς
481 3863 593 3929 ἐπαρχίας
601 3863 782 3927 μητροπολίτην,
790 3862 919 3918 ἐπίσκοπος
926 3863 941 3919 ἢ
947 3861 1059 3925 κληρικὸς
1065 3859 1236 3925 ἀρρισὸητοίη,

170 3947 374 4012 καταλαμὸοινέτω
388 3945 428 3994 τὸν
444 3944 542 4009 ἔξαρχον
559 3944 601 4003 ιῆς
613 3943 762 4007 διοικήσεως,
776 3943 791 3999 ἢ
806 3943 846 3991 τὸν
861 3943 903 4002 τῆς
920 3939 1096 4004 βασιλευούσης
1108 3943 1237 3990 Κωνσταν-

169 4029 330 4084 τινουπὸλεως
343 4025 432 4090 θρόνον,
447 4025 488 4074 καὶ
502 4024 540 4073 ἐπ’
557 4023 622 4088 αὐτῷ
637 4023 775 4079 δικαζέσθω.
795 4021 885 4071 Chalc.
902 4035 958 4083 syn.
979 4035 1001 4072 c.
1018 4033 1046 4071 1x
1062 4021 1148 4085 (Pitra,
1167 4021 1237 4071 duris

170 4108 335 4160 ecclesiastici
356 4107 503 4157 Groeoorum
520 4106 691 4166 monumento,
710 4103 765 4166 tl,
785 4116 812 4165 p.
829 4103 888 4162 526;
905 4099 998 4163 Hetele,
1013 4101 1079 4151 Hirt.
1096 4099 1141 4150 dee
1158 4115 1236 4163 coac,

169 4196 191 4238 l.
206 4189 251 4250 lll,
265 4203 290 4252 p.
307 4187 398 4251 told).
419 4186 499 4248 Hujus
512 4189 592 4233 autem
602 4182 699 4232 canonis
712 4180 849 4244 exemplum
863 4179 975 4242 latinum,
987 4194 1001 4228 a
1016 4179 1129 4245 Dionysio
1145 4181 1238 4242 Exiguo

170 4268 326 4331 translatum,
339 4267 395 4328 lege
404 4265 474 4328 inira,
488 4279 513 4328 p.
530 4265 583 4314 lae.

203 4351 228 4398 l.
246 4347 316 4407 Quod
333 4348 434 4398 scienter
449 4343 559 4408 exposuit
575 4342 646 4392 Helel
676 4340 753 4404 (Hist.
764 4339 810 4392 des
823 4354 902 4400 conc„
920 4344 940 4392 t.
950 4341 995 4406 lIl,
1005 4355 1030 4406 p.
1046 4340 1167 4405 ttblll).

1032 4450 1079 4506 la*
