3006 5050
463 443 507 495 ΕΤ
529 443 750 498 courosulr
771 445 815 496 ΕΤ
837 444 1021 496 DlC'l'AVl'l'
1228 449 1273 499 ¹⁰9

208 587 398 656 Michaelem
411 588 639 675 imperatorem
655 587 783 676 scriptis
793 587 818 675 ¹,
834 589 869 656 in
883 609 949 676 quo
964 587 1062 656 etiam
1079 588 1272 660 Anastasius

207 705 330 772 multus
344 702 480 790 fuerat2,
496 703 655 791 cujusque
673 723 771 791 opera
786 704 915 772 scholiis
931 703 970 772 de
989 723 1094 792 graeco
1108 707 1272 776 conversis

205 817 415 906 illustravit³3
445 840 522 887 nam
551 839 663 888 vereor
688 839 731 887 na
757 817 889 906 objiciat
916 819 1033 907 aliquis
1062 819 1142 888 illud
1167 823 1272 890 Areo·

205 934 323 1021 pagitae
356 935 444 1021 quod
467 935 553 1021 apud
580 933 751 1006 Nicolaum
773 935 936 1022 prolatum
966 944 1027 1022 est,
1057 934 1091 1003 id
1120 945 1168 1004 est
1195 935 1274 1004 Dio-

205 1049 297 1140 nysii
327 1047 374 1116 cd
399 1048 632 1140 Demophilum
657 1049 842 1140 epistolam,
875 1060 947 1118 tum
976 1050 1089 1119 Romae
1125 1051 1272 1122 fortassis

204 1165 318 1252 lingua
336 1165 437 1233 latina
457 1165 628 1252 exstitisse,
649 1175 746 1250 atque
760 1167 795 1232 in
819 1165 973 1234 manibus
988 1166 1133 1254 plurium
1151 1167 1273 1236 Roma·

204 1301 326 1349 norum
348 1281 470 1368 fuisse3
489 1280 528 1350 de
543 1303 607 1368 quo
622 1301 682 1368 ego
695 1282 749 1349 hic
763 1281 943 1366 disceptare
959 1283 1059 1350 nolim
1068 1281 1091 1352 ⁴.

250 1397 296 1463 Aa
319 1417 411 1465 secus
432 1406 481 1464 est
511 1397 550 1463 de
571 1396 798 1485 Disputatione
824 1397 986 1484 Maeimi,
1007 1420 1113 1487 graeco
1138 1397 1270 1488 opere⁶,

203 1508 294 1596 quod
312 1517 397 1576 certe
420 1507 455 1574 in
478 1508 594 1576 litteris
615 1507 738 1576 Nicolai
757 1519 829 1576 tum
851 1509 987 1576 citatum
1008 1519 1069 1598 est,
1100 1533 1175 1583 oum
1196 1533 1272 1581 voce

204 1624 306 1691 latina
322 1623 470 1691 nondum
485 1623 719 1710 reperiebatur,
735 1623 791 1692 sed
805 1633 934 1691 tantum
948 1645 1053 1711 grece
1067 1636 1137 1694 erat
1151 1626 1186 1694 in
1200 1649 1271 1696 ma·

205 1739 305 1807 nibus
333 1739 509 1806 Anastasii.
537 1736 569 1806 Is
597 1739 687 1806 enim
714 1738 994 1826 bibliothecarius,
1021 1739 1060 1807 ad
1082 1741 1270 1830 episcopum

203 1853 422 1921 Narniensem
450 1854 613 1940 scribens,
642 1863 814 1940 postquam
843 1853 987 1921 codicem
1010 1855 1122 1937 illum,
1147 1857 1183 1924 in
1207 1878 1271 1945 quo

202 1980 299 2037 erant
313 1970 398 2035 Acta
412 1967 554 2036 Martini
563 1990 665 2059 pope
675 1989 780 2056 graece
789 1970 985 2056 conscripta,
1000 1991 1017 2036 a
1030 1990 1065 2038 se
1075 1991 1146 2039 esse
1161 1992 1272 2060 reper-

204 2096 278 2151 tum
313 2095 411 2172 atque
438 2105 475 2152 ea
500 2094 592 2171 parte
630 2086 824 2154 translatum
848 2084 1062 2172 significavit,
1091 2085 1271 2156 sicaetera

239 2300 262 2346 l.
280 2297 350 2347 «Sed
362 2297 382 2346 si
396 2296 474 2346 adbuc
491 2296 571 2362 placet
586 2296 677 2362 aliquid
690 2297 719 2346 de
735 2297 778 2346 boc
792 2311 872 2360 nosse,
887 2296 950 2363 quod
964 2296 1076 2361 delectet,
1090 2297 1181 2362 antiqui
1197 2297 1271 2362 patris

203 2383 230 2427 et
241 2377 382 2427 venerabilis
395 2377 497 2426 doctoris
512 2377 662 2440 areopagita
674 2378 780 2442 Dionysii
790 2377 820 2427 ad
831 2377 1002 2442 Demophilum
1010 2377 1082 2428 rerba
1096 2377 1164 2428 robis
1175 2379 1270 2428 recitari

201 2458 327 2523 precipite
342 2474 348 2508 :
362 2458 403 2522 qui
417 2458 490 2508 etiem
507 2459 533 2506 iu
546 2472 631 2507 caussa
646 2457 744 2522 pletatis
757 2457 937 2523 delinquentem
952 2459 1103 2510 sacerdotem
1115 2460 1183 2509 netas
1195 2460 1271 2510 sancit

202 2555 219 2588 a
230 2538 361 2588 minoribus
372 2539 410 2588 vel
422 2539 452 2588 ab
464 2537 614 2588 interioribus
625 2538 739 2602 judicari,
754 2554 784 2588 ne
800 2539 842 2589 flat
855 2539 881 2588 in
894 2539 998 2590 ecclesia
1012 2539 1056 2590 Dei
1073 2539 1165 2604 aliquid
1179 2540 1270 2589 inordi-

203 2624 298 2682 natum,
313 2624 337 2667 et
356 2624 432 2667 status
451 2619 503 2681 ejus
520 2619 544 2666 in
557 2617 638 2682 aliquo
650 2617 819 2668 contundetur.
830 2638 841 2664 n
859 2618 952 2668 Nicolei
971 2619 1055 2684 Epist.
1073 2619 1109 2668 ad
1121 2619 1270 2669 Michaeiem

203 2697 303 2762 (Coleti,
314 2703 335 2748 t.
351 2699 394 2762 ΙΙΙ,
405 2712 430 2762 p.
446 2700 520 2760 13263
533 2697 626 2761 Migoe,
646 2702 667 2746 t.
685 2698 771 2761 CXlX‚
783 2712 808 2762 p.
822 2699 890 2762 939).
905 2699 965 2757 Quo
983 2697 1064 2748 confer
1079 2712 1135 2746 cum
1151 2697 1269 2760 Epistola

205 2779 323 2844 Dionysii
344 2779 381 2828 cd
396 2777 576 2844 Demophilum
591 2793 666 2841 grece
680 2778 769 2843 scripta
783 2778 847 2842 apud
860 2778 953 2842 Migne‚
969 2779 999 2828 P.
1017 2777 1058 2840 G„
1075 2783 1094 2826 t.
1110 2777 1154 2840 Ill,
1169 2791 1194 2842 p.
1209 2781 1268 2828 laea

204 2874 259 2923 sqq.

235 2943 259 2989 2.
277 2941 300 2989 le
311 2939 387 3000 enim,
403 2938 460 2987 dum
475 2953 535 3002 puer
546 2944 618 3001 esset,
630 2939 683 3001 jam
695 2942 749 2986 tum
763 2935 928 2986 delectabatur
944 2938 1001 2988 Vite
1013 2937 1040 2987 S.
1056 2937 1174 3000 Dionysii
1186 2951 1199 2986 a
1216 2938 1269 2986 Me·

201 3019 286 3068 thodio
309 3033 386 3080 grece
407 3019 514 3068 conlecta
536 3018 569 3082 (r.
589 3017 709 3067 anastasii
727 3018 811 3082 Epist.
833 3017 868 3067 od
890 3017 1012 3067 Coretum
1038 3017 1154 3078 Calvum,
1175 3016 1268 3081 Migne,

201 3105 223 3149 t.
237 3100 345 3162 CXXIX,
357 3113 383 3161 p.
398 3099 463 3163 737),
479 3097 557 3162 deque
573 3095 823 3162 Pseudo-Areopagita
841 3103 966 3161 tarrtopere
978 3096 1111 3160 laborabat,
1124 3103 1159 3162 ut,
1175 3113 1198 3146 a.
1213 3099 1268 3160 870,

202 3194 259 3228 cum
269 3179 412 3243 Byzantium
423 3177 517 3240 legatas
528 3178 604 3239 veuit,
617 3177 687 3240 nibil,
702 3193 731 3227 er
743 3176 817 3241 ipsias
831 3177 978 3241 testimonio,
986 3176 1186 3242 potiushubucrit
1195 3193 1269 3241 quam

205 3266 231 3308 ut
245 3259 341 3308 scholio
356 3259 381 3308 iu
398 3258 462 3308 bunc
482 3257 622 3322 Dionysium
646 3258 780 3321 conscripta
800 3258 918 3322 reperiret
938 3257 972 3322 (v.
989 3258 1110 3308 Anastasii
1130 3260 1211 3322 Epist.
1233 3258 1270 3307 ad

205 3339 326 3390 Coretum
343 3338 461 3401 Colacem,
476 3339 569 3401 bligce,
585 3338 654 3399 ibid„
670 3353 694 3402 p.
711 3339 781 3401 '140ss
800 3351 853 3402 que
873 3352 929 3386 cum
943 3338 1080 3397 invenisset,
1096 3337 1268 3401 interpretandi

204 3433 285 3469 euram
307 3419 419 3482 suscepit.
445 3419 523 3468 Immo
543 3432 608 3482 roro,
630 3432 703 3482 quam
727 3419 812 3468 Vitam
827 3418 986 3482 Areopapitcc
1004 3417 1098 3478 legerat
1112 3431 1180 3482 puer,
1197 3417 1267 3477 hanc,

204 3514 226 3548 a.
256 3499 310 3559 876,
338 3499 362 3546 in
388 3498 490 3548 latinum
515 3512 649 3547 sermonem
677 3496 799 3547 transtulit
824 3496 953 3562 (Anastasii
976 3498 1059 3561 Epist.
1083 3497 1119 3546 ad
1146 3495 1268 3547 Coretum

206 3579 322 3641 Calvum,
336 3578 405 3640 ibid,
418 3593 442 3642 p.
458 3578 524 3641 737).

235 3661 259 3709 3.
277 3659 308 3708 V.
321 3658 440 3708 Anastasii
453 3658 535 3722 Epist.
550 3659 586 3707 ad
601 3656 722 3708 Curetum
737 3656 844 3707 Caluum
860 3656 939 3721 (ibid,
953 3672 978 3722 p.
993 3659 1059 3721 llo).

234 3740 259 3788 l.
276 3739 339 3789 Cum
367 3738 499 3802 praesertim
525 3753 552 3787 er
575 3738 627 3801 ipso
651 3737 775 3787 Anastasio
803 3737 952 3786 inveniamus
979 3735 1092 3786 nonnulla
1118 3731 1267 3797 Areopagite

202 3820 293 3884 scripta
314 3826 368 3868 tum
387 3817 451 3883 apud
470 3820 590 3868 Romanos
607 3817 681 3866 latino
695 3832 804 3867 sermone
817 3817 901 3868 luisse.
918 3818 959 3867 Sic
976 3817 1042 3866 enim
1056 3814 1097 3865 ille
1106 3814 1224 3878 iudicarit
1237 3814 1267 3863 de

200 3900 310 3952 Jobanne
321 3900 402 3961 Scato,
417 3898 458 3962 qui
469 3913 552 3948 recens
562 3912 635 3962 opera
648 3897 865 3962 Pseudo-Dionysii
881 3897 954 3947 latine
968 3901 1089 3946 verteret:
1103 3912 1116 3942 «
1124 3896 1213 3944 Pretcr
1226 3893 1267 3943 illa

200 3995 255 4045 quae
268 3979 330 4028 hunc
343 3978 496 4044 (tonannem)
511 3977 608 4028 latuisse
623 3977 763 4042 probantur,
779 3993 807 4028 er
822 3979 926 4041 hisquae
940 3976 1041 4041 sparsim
1055 3990 1069 4024 a
1081 3973 1224 4039 quibusdam
1236 3975 1267 4024 de

200 4059 308 4127 praedicti
325 4059 402 4109 Patris
413 4057 562 4108 sermonibus
571 4063 597 4107 et
612 4057 719 4122 epistolis
732 4064 788 4107 ante
800 4073 842 4106 nos
860 4058 1016 4120 interpretata
1035 4055 1196 4110 inveniuntur,
1212 4055 1266 4120 plu-

198 4142 266 4191 rium
284 4138 382 4188 utilitati
408 4137 563 4188 subtraxit.»
587 4137 707 4188 trasanii
731 4139 813 4201 Epist.
834 4136 870 4187 od
894 4135 1015 4186 Coretum
1035 4135 1143 4186 Calvum
1162 4135 1265 4201 (Migne,

199 4219 272 4280 ibid„
283 4235 307 4283 p.
319 4220 385 4282 739).

234 4303 258 4352 5.
276 4301 360 4352 Exstat
371 4299 434 4363 apud
443 4299 534 4361 Migne,
546 4299 575 4353 P.
585 4299 624 4363 t,
638 4305 657 4350 t.
672 4299 783 4363 CXXIX,
796 4311 818 4361 p.
835 4297 879 4348 625
890 4311 945 4368 sqq.
