2960 5052
571 459 789 512 ruomtssull
1177 465 1205 514 l!

137 601 242 690 ,bus¹,
252 621 381 672 rerum
394 601 499 671 etiam
512 622 593 671 cum
605 603 830 693 amplissimis
845 602 1116 692 Romanorum,
1129 625 1206 676 ser-

144 733 303 811 vaverat,
330 726 433 814 cujus
447 727 557 813 legati
570 731 695 797 Romae
711 729 876 813 aderant,
893 731 1096 817 paulopost
1112 750 1208 799 mor-

142 861 217 923 tem
230 851 359 921 Leonis
374 849 449 936 IV³,
471 871 552 928 cum
565 852 716 921 maxime
731 853 943 922 Anastasius
962 855 1149 942 presbyter
1163 855 1207 926 de

143 997 284 1048 summo
297 977 501 1067 pontificatu
521 996 602 1046 cum
625 977 816 1046 Benedicta
850 981 898 1046 III
924 979 1141 1065 decertaret,
1172 987 1209 1050 at

146 1110 244 1171 certe
261 1122 341 1171 cum
355 1101 639 1170 recentissimum
650 1101 736 1170 illud
750 1122 793 1171 ac
814 1103 1066 1173 tumultuosum
1092 1111 1209 1174 certa·

137 1246 229 1296 men
242 1232 341 1294 esset
351 1226 387 1294 iu
398 1245 460 1294 ore
469 1232 579 1315 ,atque
590 1245 754 1294 sermone
771 1226 942 1312 omnium;
954 1227 1013 1315 qui
1025 1228 1206 1318 deinceps,

138 1351 371 1438 maximeque
395 1349 531 1420 Nicolai
554 1349 786 1437 temporibus,
817 1351 1022 1439 frequentes
1047 1360 1209 1424 oratores

135 1477 194 1546 ,ad
219 1475 346 1544 Sedem
373 1474 603 1563 apostolicam
624 1472 893 1563 miserat⁴,¹per
921 1496 1011 1564 quos
1031 1477 1076 1545 de
1101 1479 1208 1548 rebus

136 1600 418 1687 abominibusque
436 1599 606 1668 Romanis
619 1600 734 1668 iactus
748 1605 824 1668 erat
847 1601 994 1685 certior,
1020 1604 1133 1688 bunc,
1154 1602 1210 1672 in-

146 1743 269 1812 quam,
299 1723 377 1811 quis
407 1722 472 1791 sibi
495 1723 711 1811 persuadeat
734 1723 783 1792 ita
812 1723 1069 1810 imprudentem
1097 1727 1209 1796 fuisse

144 1869 270 1917 rerum
291 1852 543 1931 Romanarum,
572 1853 609 1915 ut
636 1848 728 1916 salso
747 1847 963 1916 existimaret
985 1851 1210 1920 anastasium

144 1974 408 2062 presbyterum,
429 1971 510 2041 olim
532 1971 631 2040 Sedis
652 1971 856 2060 apostolicae
873 1977 1083 2059 ereptorem,
1102 1995 1211 2047 unum

180 2171 234 2218 l.u
255 2166 357 2231 Scripsit
379 2147 467 2216 sutem*
482 2165 599 2229 prelatus
624 2165 728 2230 pontifex
755 2166 919 2230 (lliucmarus)
942 2164 972 2214 ad
991 2164 1103 2216 eumdem
1125 2181 1211 2232 papam

145 2249 255 2298 Leonem
272 2247 462 2311 (lV)se1ies‚ut
475 2246 527 2310 ipse
546 2245 571 2294 iu
585 2245 689 2310 quadam
705 2245 735 2294 sd
758 2260 813 2295 eum
826 2245 913 2295 asserit
928 2245 1037 2309 epistole,
1059 2246 1096 2297 vel
1113 2247 1212 2312 septies,

145 2343 194 2376 sue
205 2326 311 2388 dirigens
322 2325 352 2376 ad
368 2341 424 2376 eum
438 2325 534 2391 scripte.
553 2344 565 2370 n
581 2324 707 2376 Flodoardi
724 2326 788 2375 Hist.
805 2328 875 2377 Rem.
890 2324 960 2390 eccl,
973 2325 990 2374 l.
1002 2327 1046 2390 ΙΙΙ,
1063 2341 1085 2376 c.
1097 2340 1125 2378 x.
1137 2327 1210 2393 (ibid.

144 2422 173 2472 p.
192 2407 256 2470 482).

179 2487 303 2536 llincmeri
325 2485 355 2536 sd
374 2485 498 2536 Nicolaum
524 2489 619 2535 exstent
640 2483 718 2534 adbuc
740 2491 789 2536 tres
811 2483 917 2550 epistole
935 2485 1039 2552 (Nisus,
1057 2493 1077 2537 t.
1098 2485 1210 2551 CXXVl,

143 2581 189 2632 ep.
205 2569 229 2629 2,
243 2567 268 2628 i,
282 2567 333 2628 ΙΙ).
891 2593 893 2600 -

179 2649 205 2696 2.
222 2646 255 2695 V.
271 2644 441 2709 Fludosrdum,
457 2660 495 2710 op.
508 2645 562 2709 cit,
576 2644 594 2694 l.
612 2646 655 2708 lll,
671 2658 693 2694 c.
708 2657 765 2709 xxr,
780 2660 805 2710 p.
820 2647 934 2698 666-617.
948 2647 980 2697 Ut
998 2661 1053 2697 vere
1073 2647 1118 2697 dici
1137 2647 1212 2712 possit

143 2725 284 2788 lliucmari,
301 2725 346 2774 uiri
360 2724 518 2789 solertissimi,
535 2730 676 2789 perpetuam
689 2739 771 2774 curem
787 2730 908 2780 versetum
919 2740 971 2776 esse
984 2726 1009 2774 lu
1023 2726 1076 2790 boc,
1091 2732 1117 2777 ut
1130 2727 1211 2793 explo-

143 2813 229 2856 ratum
243 2805 342 2855 baberet
357 2805 398 2869 qui
413 2805 512 2854 Romani
525 2802 588 2868 apud
601 2819 708 2853 summos
722 2805 845 2868 pontifices
857 2805 960 2854 murima
971 2813 1051 2855 essent
1062 2808 1211 2871 auctoritate,

143 2899 239 2950 eosque
250 2885 295 2934 sibi
305 2885 443 2935 devinciret.
454 2886 539 2949 Neque
548 2883 703 2948 injucundum
714 2891 752 2933 est
763 2883 952 2934 animadvertere
961 2885 1112 2935 Anastasium
1125 2884 1211 2937 biblio-

142 2967 285 3018 thecarium
301 2980 376 3015 uuum
396 2966 476 3014 exeis
494 2965 582 3028 luisse,
601 2964 642 3029 qui
659 2965 867 3029 archiepiscopum
885 2966 1030 3015 lismensem
1044 2965 1075 3014 ed
1093 2965 1117 3015 id
1132 2966 1212 3032 inqui·

144 3045 252 3096 rendum
265 3045 392 3110 aliquando
403 3044 555 3108 adjuverunt.
575 3044 702 3096 Scribebat
719 3044 784 3093 enim
804 3044 947 3094 lliucmarus
964 3045 1086 3109 Gregorio,
1101 3047 1212 3097 Romane

143 3124 257 3178 ecclesie
270 3124 468 3188 nomenculatori,
484 3139 624 3186 cessemus,
640 3123 703 3188 quod
718 3124 830 3188 prelatus
844 3124 982 3174 Artsstesius
1005 3124 1082 3175 multe
1100 3126 1213 3177 bonitatis

143 3206 255 3267 insignia
272 3205 319 3254 sibi
340 3205 369 3255 de
386 3205 437 3270 ipso
453 3205 503 3253 suis
518 3203 605 3254 litteris
623 3205 781 3268 intimaverit,
804 3210 829 3253 et
849 3204 912 3268 quod
931 3219 1044 3268 magnam
1061 3205 1174 3257 fiduciam
1188 3208 1213 3257 iu

144 3285 225 3352 ipsius
247 3285 335 3334 bebere
351 3291 430 3350 posset
447 3285 552 3335 amicitia
572 3285 698 3334 sinceriter
719 3283 868 3334 mandaverit
881 3302 904 3334 u.
925 3284 1049 3335 Flodoardi
1061 3287 1124 3340 flet.
1141 3288 1211 3340 Rem.

144 3367 247 3432 eccles„
262 3366 279 3417 l.
296 3366 339 3428 Ill,
353 3381 374 3415 c.
390 3377 455 3416 xxiv
469 3366 590 3428 (Nonum.
603 3364 699 3426 Germ„
714 3365 772 3426 SS.,
786 3370 805 3412 t.
818 3365 874 3421 llll,
889 3380 914 3430 p.
928 3365 995 3430 636).

181 3449 207 3496 3.
224 3465 238 3495 u
252 3447 337 3500 Nissos
348 3460 412 3495 meos
426 3460 482 3495 oum
491 3445 578 3494 litteris
593 3446 695 3494 Romam
704 3443 789 3506 direxi,
803 3444 891 3508 quibus
906 3445 931 3494 in
942 3445 981 3494 ria
995 3446 1093 3497 nuntius
1104 3449 1170 3498 seuit
1182 3449 1212 3499 de

143 3529 217 3578 obitu
229 3542 296 3592 pape
311 3526 406 3576 Leonis.
420 3525 590 3576 Perveuientes
604 3530 686 3574 autem
696 3524 797 3575 Romam
810 3538 864 3572 cum
877 3525 981 3589 prelatis
994 3525 1089 3591 litteris,
1102 3534 1128 3577 et
1140 3529 1213 3577 inter-

142 3607 301 3660 venientibus
322 3605 443 3672 predictis
463 3605 589 3670 episcopis,
611 3604 711 3653 domnus
734 3603 830 3653 nomine
849 3611 875 3653 et
890 3605 969 3666 gratie
991 3606 1133 3658 Benedictus
1152 3609 1210 3659 mihi

143 3687 214 3754 quod
231 3688 308 3736 nostis
328 3684 481 3753 privilegium
502 3685 557 3734 inde
583 3685 709 3734 direxit.»
734 3683 857 3733 Hiucmarl
870 3685 988 3749 Epistola
1001 3686 1038 3736 ad
1053 3687 1211 3740 Nicolaum}

144 3767 253 3833 (Migne,
268 3773 287 3815 t.
303 3767 411 3827 cxxv1,
427 3780 466 3829 ep.
483 3769 520 3828 ll,
534 3780 559 3829 p.
575 3763 625 3828 85).

179 3849 205 3896 Ι.
221 3849 340 3910 Namque,
355 3846 501 3895 utcmittam
511 3844 618 3896 Odonem
627 3849 652 3892 et
662 3843 805 3907 Luidonem,
818 3858 877 3908 quos
890 3859 918 3894 er
933 3844 1017 3896 itincre
1026 3848 1132 3897 Numano
1142 3863 1211 3900 erce·

143 3934 218 3993 perat
232 3926 265 3989 (s.
276 3925 398 3975 lliucmari
411 3925 558 3989 Epistulam
571 3924 607 3975 ad
618 3924 765 3986 Nicolaum,
775 3924 868 3986 Migue,
883 3929 902 3973 t.
913 3925 1022 3988 cxxvi,
1034 3941 1072 3990 ep.
1082 3929 1105 3991 2,
1118 3942 1141 3991 p.
1154 3931 1212 3996 256,

143 4011 189 4069 27,
203 4008 232 4057 30
247 4008 276 4068 ll,
290 4008 319 4056 31
335 4007 367 4069 D,
383 4007 413 4055 42
433 4006 463 4068 b,
483 4007 512 4054 le
528 4006 568 4066 Α),
594 4004 738 4054 lliucmarus
766 4004 893 4065 Egilonem
915 4004 1051 4068 episcopum
1070 4007 1152 4058 multis
1172 4011 1212 4061 in·

142 4092 267 4138 structum
276 4085 394 4135 mandatis
403 4087 504 4136 Romam
514 4084 605 4146 legerit
613 4100 636 4134 a.
650 4087 695 4135 866
706 4084 740 4149 (v.
749 4083 871 4134 Hincmari
879 4082 1009 4148 Epistulas
1022 4085 1058 4135 ad
1067 4087 1210 4157 Epilonem,

144 4167 244 4229 bligne,
259 4165 327 4229 ibid,
342 4181 381 4231 ep.
396 4167 421 4229 6,
433 4168 456 4227 9,
480 4165 519 4227 l0,
538 4179 563 4229 p.
576 4166 675 4228 64-Ι6)ι
694 4169 846 4214 sunoautem
860 4161 1006 4227 86⁸1,plures
1020 4179 1087 4217 esuo
1102 4169 1165 4220 clero
1181 4174 1210 4223 sd

143 4246 273 4299 Nicolaum
285 4246 361 4309 misit,
372 4247 413 4311 qul
426 4249 506 4297 Rome
521 4251 571 4295 tres
583 4259 677 4296 menses
689 4243 829 4294 commorati
839 4249 894 4292 suut
907 4242 939 4306 (r.
953 4243 1075 4297 Hiucmari
1087 4250 1210 4315 Annales,

144 4346 170 4381 e.
184 4331 241 4390 867,
256 4341 281 4392 p.
294 4327 359 4391 lit),
