3006 5050
266 461 314 512 Dll
334 461 502 514 NICOLAO
522 461 619 512 ΡΔΡΑ
640 462 650 512 Ι
673 460 842 521 utusque
862 461 1142 516 sinistrorsus
1204 465 1233 514 el

170 603 340 672 Hincmari
364 603 567 691 testimonio,
595 603 724 691 argenti
747 603 905 693 flagrabat
939 603 1093 693 cupidine
1104 605 1129 693 ¹,
1158 606 1231 692 sed,

169 728 246 808 post
258 719 380 808 aliquot
393 740 509 807 annos,
524 741 606 808 quos
626 719 706 788 item
720 741 838 790 census
861 730 894 789 et
916 741 1070 790 nummos
1083 741 1141 809 per
1155 720 1237 792 Ger·

170 835 316 902 maniam
331 846 493 920 exegerat,
509 836 544 902 in
564 835 716 904 aerarium
736 836 822 904 sedis
836 835 1016 924 apostolice
1032 857 1146 906 rursus
1168 857 1232 906 non

169 949 295 1036 retulit,
310 951 541 1039 transtulitque
554 951 588 1018 in
602 971 700 1018 suum
711 948 737 1020 ².

214 1064 366 1133 Nicolaus
377 1086 466 1155 vero,
479 1073 516 1133 ut
527 1075 598 1133 tum
613 1075 683 1134 erat
695 1065 971 1135 Arsanianaefidei
982 1066 1158 1135 estimetor
1170 1067 1237 1136 cle·

168 1179 408 1268 mentissimus,
423 1177 548 1249 nullam
567 1181 788 1269 suspicionem
801 1181 934 1269 recepit.
951 1181 1064 1270 ltaque
1085 1201 1235 1250 summus

167 1295 224 1363 ille
231 1294 387 1383 pontifex,
396 1316 483 1364 anno
492 1297 656 1382 86l,cum
667 1297 1000 1382 conciliumgenerale
1009 1294 1235 1366 Romamcon·

167 1433 285 1480 vocare
299 1413 404 1500 vellet,
418 1413 613 1502 timeretque
626 1434 667 1482 ne
680 1413 798 1481 itinere
810 1413 851 1480 ad
864 1409 983 1482 Gallias
995 1413 1095 1500 legati
1109 1423 1236 1502 aposto-

165 1527 221 1594 lici
237 1528 547 1616 intercluderentur,
557 1528 598 1596 ad
611 1527 1006 1615 Hludowiciimperatoris
1016 1528 1235 1598 conciliandos

168 1642 299 1711 animos
319 1643 458 1712 Arsenio
486 1642 693 1733 deprecatore
712 1653 792 1711 usus
818 1653 879 1712 est.
900 1643 965 1725 Qui
992 1644 1233 1733 apocrisiarius,

167 1777 358 1845 quanquam
378 1757 464 1844 opud
485 1757 714 1826 Hludowieum
731 1758 875 1825 multum
887 1758 991 1844 gratia
1006 1758 1137 1845 valeret,
1153 1759 1235 1827 nihil

168 1885 282 1940 tamen
293 1873 414 1960 effecit3
428 1873 530 1940 immo
540 1891 616 1941 vero
628 1871 699 1960 ejus
711 1872 900 1941 intercessio
907 1873 1075 1942 inclinavit
1083 1874 1233 1941 animum

167 1987 374 2074 imperatoris
385 1997 423 2054 ut
436 1997 622 2074 suspectum
630 1985 765 2056 haberet
777 1987 885 2075 ipsum
896 1986 1111 2074 pontificem³.
1121 1988 1160 2056 In
1170 2011 1236 2077 quo

167 2103 270 2171 etiam
289 2101 395 2172 inesse
414 2102 556 2190 aliquam
576 2101 726 2170 fraudem
751 2102 880 2171 Arscnii
899 2122 937 2170 eo
955 2103 1059 2190 magis
1084 2103 1237 2174 ducimur

167 2217 210 2285 ad
226 2216 434 2308 credendum,
450 2218 536 2306 quod
550 2217 708 2304 agebatur
720 2217 754 2285 in
769 2218 829 2286 hac
843 2238 879 2286 re
893 2217 933 2286 dc
946 2217 1134 2288 Rhadoaldo
1143 2219 1236 2307 judi-

167 2330 304 2420 cando⁴,
318 2331 385 2400 viro
397 2333 464 2421 illo,
476 2342 513 2400 ut
524 2332 665 2401 diximus
677 2352 788 2421 supra,
801 2332 925 2401 eisdem
934 2332 1060 2402 fautore
1071 2335 1234 2422 partibus.

218 2447 326 2534 Pergit
339 2458 449 2518 tamen
460 2435 611 2516 Nicotaus
625 2447 641 2514 Ι
656 2447 844 2536 episcopum
857 2447 1053 2518 Hortensem
1068 2450 1236 2538 complecti

168 2562 314 2631 amicitia
333 2572 366 2631 et
383 2563 508 2651 lavore3
529 2573 579 2652 ut,
604 2585 681 2632 cum
701 2565 888 2652 paulopost
913 2565 1122 2635 Hludowious
1140 2566 1238 2635 nobi-

167 2677 334 2746 lissimum
355 2679 532 2767 quemdam
554 2679 663 2748 virum
680 2680 878 2766 Astulphum
894 2680 1028 2748 nomino
1056 2681 1097 2748 ad
1125 2681 1236 2750 sedem

168 2792 381 2878 apostolicam
413 2794 545 2882 legavit,
587 2795 760 2882 limenius,
787 2793 885 2882 jussu
927 2794 1065 2882 Nicoloi,
1107 2795 1237 2864 obviam

167 2907 377 2994 imperatoris
390 2910 497 2994 legato
511 2907 622 2996 fuerit,
643 2929 797 2998 eumque,
813 2910 936 2978 summi
951 2909 1113 2998 pontificis
1128 2920 1238 2980 aueto-

166 3021 278 3112 ritate‚
298 3022 492 3112 receperat

164 3207 231 3256 forte
246 3221 294 3257 non
307 3207 419 3257 omnibns
432 3208 514 3270 ignota
524 3208 661 3274 prudentia,
673 3209 814 3259 destinasse.
828 3227 839 3255 o
860 3208 952 3258 Nicolai
964 3211 1047 3275 Eprat.
1063 3211 1098 3261 cd
1110 3211 1238 3277 episcopos

164 3289 194 3338 in
210 3301 286 3352 rayno
300 3287 389 3338 Caroli
401 3291 502 3338 conatii.
516 3289 620 3352 (iligna,
630 3296 650 3339 t.
665 3291 752 3352 CXIX,
763 3304 802 3352 op.
814 3291 853 3353 ts,
868 3304 893 3354 p.
903 3290 972 3353 915).

198 3369 224 3416 1.
240 3368 353 3417 Arsanias
370 3369 401 3417 ab
418 3369 546 3419 llincmaro
559 3369 647 3418 dicitur
662 3369 699 3418 sir
716 3381 831 3430 «magnae
844 3368 984 3418 calliditatis
1002 3376 1027 3420 et
1046 3371 1127 3420 nimia
1142 3371 1237 3436 cupidi-

162 3445 224 3497 tatis
233 3462 256 3496 r.
271 3447 394 3497 Hinemari
405 3449 528 3513 Annales,
540 3464 564 3498 a.
586 3451 630 3499 aot
645 3447 736 3513 (Perta,
753 3449 772 3510 l,
792 3451 850 3510 4Ἱ6;
866 3449 898 3500 cl.
911 3449 983 3514 ibid„
995 3450 1019 3499 in
1029 3466 1052 3501 a.
1066 3453 1121 3516 868,
1135 3466 1162 3516 p.
1177 3453 1236 3511 4713

160 3533 191 3578 et
204 3524 275 3589 inira,
289 3541 310 3577 a.
327 3529 376 3591 vr).

198 3607 224 3655 2.
243 3607 274 3656 V.
292 3605 363 3672 inira,
376 3622 402 3672 p.
414 3610 452 3658 95.

195 3688 221 3736 3.
240 3703 254 3734 c
268 3686 431 3751 Hludowicuq
454 3687 530 3739 ltalia
552 3689 681 3753 imperator
701 3688 870 3739 nominatus...
886 3703 901 3738 a
916 3688 1023 3752 Nicolao,
1041 3687 1238 3748 Romaneqsedis

159 3765 289 3832 pontifice,
312 3782 355 3831 per
375 3767 504 3818 Arsaniam
517 3769 699 3834 apocrisiarium
718 3770 818 3834 petitur,
837 3775 862 3819 ut
884 3769 964 3818 eidem
985 3782 1052 3834 papas
1069 3769 1162 3829 lagatos
1181 3783 1237 3816 suos

158 3849 239 3898 liceat
259 3861 301 3912 pro
320 3845 467 3911 quibusdam
487 3849 566 3898 causis
583 3848 750 3898 ecclesiasticis
771 3848 802 3898 ad
823 3848 937 3900 Carolum
951 3849 1061 3910 mittera;
1078 3848 1121 3897 sed
1139 3847 1239 3897 credens

159 3925 225 3991 quia
246 3940 293 3974 non
314 3927 407 3975 sincera
422 3925 554 3976 intentione
568 3927 680 3977 adversus
693 3941 750 3977 eum
761 3927 821 3978 velit
837 3928 861 3976 in
875 3927 1001 3978 Franciam
1014 3927 1099 3976 missos
1111 3940 1166 3975 suos
1178 3925 1237 3975 diri-

159 4019 234 4067 gers,
247 4005 424 4056 contradicit.»
442 4006 566 4056 llincmari
578 4006 699 4068 Annales,
715 4023 738 4056 a.
754 4009 799 4058 eol
814 4006 904 4072 (Peru,
919 4009 940 4068 1,
956 4005 1021 4069 loo).

201 4086 226 4134 l.
242 4084 276 4137 V.
291 4099 374 4150 supra,
387 4099 412 4150 p.
428 4089 468 4136 87.

195 4167 222 4213 5.
239 4164 391 4223 Quinetiam
409 4171 508 4231 questus
524 4171 562 4217 est
576 4165 730 4218 Hludowicus
745 4167 876 4232 imperator
896 4166 990 4215 venisse
1003 4164 1132 4216 Arsaniam
1148 4181 1194 4216 non
1209 4183 1238 4218 eo

159 4244 208 4309 qui
229 4243 334 4296 decebat
344 4247 508 4297 Romanorum
521 4246 644 4298 comitatu.
661 4246 754 4306 Quibus
768 4246 873 4312 querella
884 4246 944 4308 heo,
959 4245 1022 4296 inter
1043 4246 1102 4309 alia,
1116 4246 1238 4310 respoudit

162 4324 280 4376 Nicolaus
294 4344 301 4377 a
313 4326 505 4378 «debilissimus
518 4327 555 4378 air
570 4333 644 4392 atque
656 4333 770 4378 suenrus
785 4333 871 4380 rastro
889 4324 1046 4386 sublimitatis
1060 4326 1165 4391 legatus,
1180 4327 1238 4376 licat
