<?xml version="1.0" encoding="UTF-8"?>
<!DOCTYPE html PUBLIC "-//W3C//DTD XHTML 1.0 Transitional//EN"
    "http://www.w3.org/TR/xhtml1/DTD/xhtml1-transitional.dtd">
<html xmlns="http://www.w3.org/1999/xhtml" xml:lang="en" lang="en">
 <head>
  <title>
</title>
<meta http-equiv="Content-Type" content="text/html;charset=utf-8" />
  <meta name='ocr-system' content='tesseract 3.04.00' />
  <meta name='ocr-capabilities' content='ocr_page ocr_carea ocr_par ocr_line ocrx_word'/>
</head>
<body>
  <div class='ocr_page' id='page_1' title='image "./deanastasiobibl00lapgoog_0254.png"; bbox 0 0 2954 5050; ppageno 0'>
   <div class='ocr_carea' id='block_1_1' title="bbox 500 453 1187 510">
    <p class='ocr_par' dir='ltr' id='par_1_1' title="bbox 500 453 1187 510">
     <span class='ocr_line' id='line_1_1' title="bbox 500 453 1187 510; baseline -0.006 -2"><span class='ocrx_word' id='word_1_1' title='bbox 500 458 675 510; x_wconf 75' lang='lat' dir='ltr'>ruerunt</span> <span class='ocrx_word' id='word_1_2' title='bbox 700 457 818 509; x_wconf 72' lang='lat' dir='ltr'>valate</span> <span class='ocrx_word' id='word_1_3' title='bbox 1142 453 1187 504; x_wconf 76' lang='lat' dir='ltr'>att</span> 
     </span>
    </p>
   </div>
   <div class='ocr_carea' id='block_1_2' title="bbox 126 593 1252 3586">
    <p class='ocr_par' dir='ltr' id='par_1_2' title="bbox 126 593 1197 1367">
     <span class='ocr_line' id='line_1_2' title="bbox 126 593 1191 690; baseline -0.005 -18"><span class='ocrx_word' id='word_1_4' title='bbox 126 603 222 672; x_wconf 90' lang='lat' dir='ltr'>vidus</span> <span class='ocrx_word' id='word_1_5' title='bbox 235 602 400 690; x_wconf 90' lang='lat' dir='ltr'>manebat,</span> <span class='ocrx_word' id='word_1_6' title='bbox 412 622 489 672; x_wconf 93' lang='lat' dir='ltr'>cum</span> <span class='ocrx_word' id='word_1_7' title='bbox 498 601 656 690; x_wconf 89' lang='lat' dir='ltr'>paulatim</span> <span class='ocrx_word' id='word_1_8' title='bbox 668 599 850 669; x_wconf 71' lang='lat' dir='ltr'>increbruit</span> <span class='ocrx_word' id='word_1_9' title='bbox 861 619 974 667; x_wconf 91' lang='lat' dir='ltr'>rumor</span> <span class='ocrx_word' id='word_1_10' title='bbox 984 597 1079 668; x_wconf 91' lang='lat' dir='ltr'>illum</span> <span class='ocrx_word' id='word_1_11' title='bbox 1089 593 1191 667; x_wconf 85' lang='lat' dir='ltr'>inisse</span> 
     </span>
     <span class='ocr_line' id='line_1_3' title="bbox 127 714 1193 805; baseline -0.004 -19"><span class='ocrx_word' id='word_1_12' title='bbox 127 719 316 788; x_wconf 83' lang='lat' dir='ltr'>Eleutherio</span> <span class='ocrx_word' id='word_1_13' title='bbox 338 738 505 786; x_wconf 82' lang='lat' dir='ltr'>suasorem</span> <span class='ocrx_word' id='word_1_14' title='bbox 523 726 556 786; x_wconf 94' lang='grc'>11</span> <span class='ocrx_word' id='word_1_15' title='bbox 574 717 786 805; x_wconf 85' lang='lat' dir='ltr'>impulsorem</span> <span class='ocrx_word' id='word_1_16' title='bbox 805 715 906 786; x_wconf 90' lang='lat' dir='ltr'>necis.</span> <span class='ocrx_word' id='word_1_17' title='bbox 932 714 1060 796; x_wconf 82' lang='lat' dir='ltr'>Quibus</span> <span class='ocrx_word' id='word_1_18' title='bbox 1083 735 1193 782; x_wconf 88' lang='lat' dir='ltr'>rumo-</span> 
     </span>
     <span class='ocr_line' id='line_1_4' title="bbox 128 830 1193 922; baseline -0.005 -19"><span class='ocrx_word' id='word_1_19' title='bbox 128 835 224 903; x_wconf 89' lang='lat' dir='ltr'>ribus</span> <span class='ocrx_word' id='word_1_20' title='bbox 248 855 322 902; x_wconf 83' lang='lat' dir='ltr'>mor</span> <span class='ocrx_word' id='word_1_21' title='bbox 343 832 477 904; x_wconf 89' lang='lat' dir='ltr'>accessit</span> <span class='ocrx_word' id='word_1_22' title='bbox 499 832 630 922; x_wconf 86' lang='lat' dir='ltr'>gravius</span> <span class='ocrx_word' id='word_1_23' title='bbox 659 831 824 920; x_wconf 83' lang='lat' dir='ltr'>quoddam</span> <span class='ocrx_word' id='word_1_24' title='bbox 847 831 1085 902; x_wconf 87' lang='lat' dir='ltr'>testimonium.</span> <span class='ocrx_word' id='word_1_25' title='bbox 1107 830 1193 900; x_wconf 90' lang='lat' dir='ltr'>Nam</span> 
     </span>
     <span class='ocr_line' id='line_1_5' title="bbox 128 946 1195 1039; baseline -0.002 -21"><span class='ocrx_word' id='word_1_26' title='bbox 128 951 205 1018; x_wconf 91' lang='lat' dir='ltr'>Ado</span> <span class='ocrx_word' id='word_1_27' title='bbox 218 949 387 1039; x_wconf 81' lang='lat' dir='ltr'>presbyter</span> <span class='ocrx_word' id='word_1_28' title='bbox 401 959 499 1037; x_wconf 89' lang='lat' dir='ltr'>atque</span> <span class='ocrx_word' id='word_1_29' title='bbox 511 948 676 1017; x_wconf 89' lang='lat' dir='ltr'>Anastasii</span> <span class='ocrx_word' id='word_1_30' title='bbox 690 946 969 1034; x_wconf 86' lang='lat' dir='ltr'>consanguineus,</span> <span class='ocrx_word' id='word_1_31' title='bbox 985 947 1195 1017; x_wconf 77' lang='lat' dir='ltr'>audientibus</span> 
     </span>
     <span class='ocr_line' id='line_1_6' title="bbox 129 1062 1196 1153; baseline -0.003 -20"><span class='ocrx_word' id='word_1_32' title='bbox 129 1066 259 1153; x_wconf 89' lang='lat' dir='ltr'>multis,</span> <span class='ocrx_word' id='word_1_33' title='bbox 283 1073 381 1153; x_wconf 88' lang='lat' dir='ltr'>atque</span> <span class='ocrx_word' id='word_1_34' title='bbox 401 1065 437 1133; x_wconf 92' lang='lat' dir='ltr'>in</span> <span class='ocrx_word' id='word_1_35' title='bbox 458 1085 513 1134; x_wconf 89' lang='lat' dir='ltr'>ore</span> <span class='ocrx_word' id='word_1_36' title='bbox 535 1064 638 1152; x_wconf 89' lang='lat' dir='ltr'>ipsius</span> <span class='ocrx_word' id='word_1_37' title='bbox 659 1063 821 1152; x_wconf 89' lang='lat' dir='ltr'>pontilicis</span> <span class='ocrx_word' id='word_1_38' title='bbox 840 1063 1034 1132; x_wconf 86' lang='lat' dir='ltr'>asseveravit</span> <span class='ocrx_word' id='word_1_39' title='bbox 1062 1062 1196 1132; x_wconf 90' lang='lat' dir='ltr'>emissa·</span> 
     </span>
     <span class='ocr_line' id='line_1_7' title="bbox 131 1177 1197 1270; baseline -0.004 -20"><span class='ocrx_word' id='word_1_40' title='bbox 131 1181 224 1250; x_wconf 91' lang='lat' dir='ltr'>rium</span> <span class='ocrx_word' id='word_1_41' title='bbox 237 1181 413 1270; x_wconf 90' lang='lat' dir='ltr'>quemdam</span> <span class='ocrx_word' id='word_1_42' title='bbox 433 1182 474 1249; x_wconf 91' lang='lat' dir='ltr'>ab</span> <span class='ocrx_word' id='word_1_43' title='bbox 488 1179 663 1248; x_wconf 84' lang='lat' dir='ltr'>Anastasio</span> <span class='ocrx_word' id='word_1_44' title='bbox 680 1178 722 1248; x_wconf 91' lang='lat' dir='ltr'>ad</span> <span class='ocrx_word' id='word_1_45' title='bbox 740 1178 968 1248; x_wconf 85' lang='lat' dir='ltr'>Eleutherium</span> <span class='ocrx_word' id='word_1_46' title='bbox 992 1177 1118 1248; x_wconf 88' lang='lat' dir='ltr'>venisse</span> <span class='ocrx_word' id='word_1_47' title='bbox 1140 1177 1197 1268; x_wconf 91' lang='lat' dir='ltr'>qui</span> 
     </span>
     <span class='ocr_line' id='line_1_8' title="bbox 132 1295 725 1367; baseline -0.007 0"><span class='ocrx_word' id='word_1_48' title='bbox 132 1297 311 1367; x_wconf 85' lang='lat' dir='ltr'>uelandam</span> <span class='ocrx_word' id='word_1_49' title='bbox 323 1297 521 1366; x_wconf 91' lang='lat' dir='ltr'>occisionem</span> <span class='ocrx_word' id='word_1_50' title='bbox 540 1295 725 1365; x_wconf 86' lang='lat' dir='ltr'>suasisset¹.</span> 
     </span>
    </p>

    <p class='ocr_par' dir='ltr' id='par_1_3' title="bbox 133 1410 1252 2427">
     <span class='ocr_line' id='line_1_9' title="bbox 181 1410 1200 1501; baseline 0 -19"><span class='ocrx_word' id='word_1_51' title='bbox 181 1413 353 1501; x_wconf 75' lang='lat' dir='ltr'>Praeterea,</span> <span class='ocrx_word' id='word_1_52' title='bbox 369 1422 407 1482; x_wconf 91' lang='grc'>11</span> <span class='ocrx_word' id='word_1_53' title='bbox 420 1415 500 1482; x_wconf 88' lang='lat' dir='ltr'>solet</span> <span class='ocrx_word' id='word_1_54' title='bbox 519 1412 590 1482; x_wconf 86' lang='lat' dir='ltr'>lieri</span> <span class='ocrx_word' id='word_1_55' title='bbox 610 1432 686 1481; x_wconf 94' lang='lat' dir='ltr'>cum</span> <span class='ocrx_word' id='word_1_56' title='bbox 697 1411 829 1481; x_wconf 84' lang='lat' dir='ltr'>fortune</span> <span class='ocrx_word' id='word_1_57' title='bbox 845 1410 905 1481; x_wconf 90' lang='lat' dir='ltr'>viri</span> <span class='ocrx_word' id='word_1_58' title='bbox 917 1411 1068 1481; x_wconf 89' lang='lat' dir='ltr'>invidiosi</span> <span class='ocrx_word' id='word_1_59' title='bbox 1084 1421 1200 1482; x_wconf 90' lang='lat' dir='ltr'>nutare</span> 
     </span>
     <span class='ocr_line' id='line_1_10' title="bbox 133 1526 1201 1617; baseline -0.003 -18"><span class='ocrx_word' id='word_1_60' title='bbox 133 1528 276 1616; x_wconf 87' lang='lat' dir='ltr'>videtur,</span> <span class='ocrx_word' id='word_1_61' title='bbox 290 1527 326 1596; x_wconf 94' lang='lat' dir='ltr'>id</span> <span class='ocrx_word' id='word_1_62' title='bbox 339 1528 426 1615; x_wconf 92' lang='lat' dir='ltr'>quod</span> <span class='ocrx_word' id='word_1_63' title='bbox 443 1527 582 1617; x_wconf 87' lang='lat' dir='ltr'>quisque</span> <span class='ocrx_word' id='word_1_64' title='bbox 596 1536 730 1597; x_wconf 90' lang='lat' dir='ltr'>noverat</span> <span class='ocrx_word' id='word_1_65' title='bbox 748 1546 846 1615; x_wconf 87' lang='lat' dir='ltr'>prave</span> <span class='ocrx_word' id='word_1_66' title='bbox 858 1526 899 1596; x_wconf 90' lang='lat' dir='ltr'>ab</span> <span class='ocrx_word' id='word_1_67' title='bbox 913 1527 1087 1597; x_wconf 85' lang='lat' dir='ltr'>Anastasio</span> <span class='ocrx_word' id='word_1_68' title='bbox 1109 1548 1201 1597; x_wconf 91' lang='lat' dir='ltr'>com·</span> 
     </span>
     <span class='ocr_line' id='line_1_11' title="bbox 134 1643 1200 1733; baseline -0.001 -19"><span class='ocrx_word' id='word_1_69' title='bbox 134 1645 290 1732; x_wconf 92' lang='lat' dir='ltr'>missum,</span> <span class='ocrx_word' id='word_1_70' title='bbox 313 1665 402 1712; x_wconf 92' lang='lat' dir='ltr'>nunc</span> <span class='ocrx_word' id='word_1_71' title='bbox 422 1646 530 1732; x_wconf 91' lang='lat' dir='ltr'>palam</span> <span class='ocrx_word' id='word_1_72' title='bbox 553 1643 777 1731; x_wconf 87' lang='lat' dir='ltr'>profitebatur,</span> <span class='ocrx_word' id='word_1_73' title='bbox 802 1643 856 1712; x_wconf 89' lang='lat' dir='ltr'>alii</span> <span class='ocrx_word' id='word_1_74' title='bbox 880 1645 1074 1713; x_wconf 80' lang='lat' dir='ltr'>recentiores</span> <span class='ocrx_word' id='word_1_75' title='bbox 1096 1645 1200 1733; x_wconf 91' lang='lat' dir='ltr'>dolos,</span> 
     </span>
     <span class='ocr_line' id='line_1_12' title="bbox 134 1759 1202 1848; baseline -0.001 -19"><span class='ocrx_word' id='word_1_76' title='bbox 134 1761 193 1829; x_wconf 87' lang='lat' dir='ltr'>alii</span> <span class='ocrx_word' id='word_1_77' title='bbox 210 1761 344 1848; x_wconf 87' lang='lat' dir='ltr'>antiqua</span> <span class='ocrx_word' id='word_1_78' title='bbox 361 1759 504 1829; x_wconf 89' lang='lat' dir='ltr'>lacinora</span> <span class='ocrx_word' id='word_1_79' title='bbox 524 1779 645 1846; x_wconf 87' lang='lat' dir='ltr'>magne</span> <span class='ocrx_word' id='word_1_80' title='bbox 665 1779 740 1827; x_wconf 88' lang='grc'><strong>1111</strong></span> <span class='ocrx_word' id='word_1_81' title='bbox 759 1768 942 1846; x_wconf 88' lang='lat' dir='ltr'>narrantes,</span> <span class='ocrx_word' id='word_1_82' title='bbox 959 1760 1054 1828; x_wconf 91' lang='lat' dir='ltr'>multi</span> <span class='ocrx_word' id='word_1_83' title='bbox 1066 1759 1202 1829; x_wconf 90' lang='lat' dir='ltr'>liberius</span> 
     </span>
     <span class='ocr_line' id='line_1_13' title="bbox 135 1875 1252 1966; baseline -0.001 -22"><span class='ocrx_word' id='word_1_84' title='bbox 135 1876 302 1964; x_wconf 87' lang='lat' dir='ltr'>indignati</span> <span class='ocrx_word' id='word_1_85' title='bbox 327 1876 427 1966; x_wconf 89' lang='lat' dir='ltr'>quod,</span> <span class='ocrx_word' id='word_1_86' title='bbox 457 1886 529 1964; x_wconf 88' lang='lat' dir='ltr'>post</span> <span class='ocrx_word' id='word_1_87' title='bbox 553 1885 600 1946; x_wconf 89' lang='lat' dir='ltr'>tot</span> <span class='ocrx_word' id='word_1_88' title='bbox 627 1875 894 1944; x_wconf 88' lang='lat' dir='ltr'>interdicticnum</span> <span class='ocrx_word' id='word_1_89' title='bbox 913 1884 1038 1944; x_wconf 90' lang='lat' dir='ltr'>tantam</span> <span class='ocrx_word' id='word_1_90' title='bbox 1062 1876 1204 1944; x_wconf 89' lang='lat' dir='ltr'>auctori·</span> <span class='ocrx_word' id='word_1_91' title='bbox 1247 1931 1252 1943; x_wconf 94' lang='lat'>.</span> 
     </span>
     <span class='ocr_line' id='line_1_14' title="bbox 136 1991 1204 2081; baseline -0.002 -21"><span class='ocrx_word' id='word_1_92' title='bbox 136 2001 260 2080; x_wconf 88' lang='lat' dir='ltr'>tatem,</span> <span class='ocrx_word' id='word_1_93' title='bbox 284 1993 338 2060; x_wconf 91' lang='lat' dir='ltr'>isti</span> <span class='ocrx_word' id='word_1_94' title='bbox 361 2013 419 2080; x_wconf 92' lang='lat' dir='ltr'>per</span> <span class='ocrx_word' id='word_1_95' title='bbox 442 1993 587 2081; x_wconf 89' lang='lat' dir='ltr'>papalem</span> <span class='ocrx_word' id='word_1_96' title='bbox 613 1991 854 2078; x_wconf 83' lang='lat' dir='ltr'>indulgentiam</span> <span class='ocrx_word' id='word_1_97' title='bbox 875 1994 1014 2060; x_wconf 93' lang='lat' dir='ltr'>honores</span> <span class='ocrx_word' id='word_1_98' title='bbox 1035 1992 1204 2061; x_wconf 89' lang='lat' dir='ltr'>sacerdotii</span> 
     </span>
     <span class='ocr_line' id='line_1_15' title="bbox 137 2104 1206 2196; baseline 0.002 -20"><span class='ocrx_word' id='word_1_99' title='bbox 137 2108 277 2177; x_wconf 90' lang='lat' dir='ltr'>amissos</span> <span class='ocrx_word' id='word_1_100' title='bbox 305 2128 496 2196; x_wconf 86' lang='lat' dir='ltr'>recuperare</span> <span class='ocrx_word' id='word_1_101' title='bbox 517 2104 696 2196; x_wconf 78' lang='lat' dir='ltr'>licuissct²;</span> <span class='ocrx_word' id='word_1_102' title='bbox 715 2116 750 2174; x_wconf 92' lang='grc'>11</span> <span class='ocrx_word' id='word_1_103' title='bbox 762 2107 962 2195; x_wconf 85' lang='lat' dir='ltr'>Hadrianus,</span> <span class='ocrx_word' id='word_1_104' title='bbox 982 2107 1039 2195; x_wconf 87' lang='lat' dir='ltr'>qui</span> <span class='ocrx_word' id='word_1_105' title='bbox 1057 2116 1151 2176; x_wconf 89' lang='lat' dir='ltr'>antea</span> <span class='ocrx_word' id='word_1_106' title='bbox 1165 2106 1206 2178; x_wconf 91' lang='lat' dir='ltr'>de</span> 
     </span>
     <span class='ocr_line' id='line_1_16' title="bbox 140 2221 1204 2312; baseline -0.001 -21"><span class='ocrx_word' id='word_1_107' title='bbox 140 2222 341 2291; x_wconf 88' lang='lat' dir='ltr'>amicissimo</span> <span class='ocrx_word' id='word_1_108' title='bbox 355 2223 542 2311; x_wconf 89' lang='lat' dir='ltr'>potentique</span> <span class='ocrx_word' id='word_1_109' title='bbox 559 2221 804 2291; x_wconf 84' lang='lat' dir='ltr'>bibliothecario</span> <span class='ocrx_word' id='word_1_110' title='bbox 825 2223 907 2292; x_wconf 92' lang='lat' dir='ltr'>nibil</span> <span class='ocrx_word' id='word_1_111' title='bbox 929 2243 1023 2291; x_wconf 90' lang='lat' dir='ltr'>secus</span> <span class='ocrx_word' id='word_1_112' title='bbox 1045 2222 1204 2312; x_wconf 89' lang='lat' dir='ltr'>audierat,</span> 
     </span>
     <span class='ocr_line' id='line_1_17' title="bbox 142 2337 1048 2427; baseline 0.003 -23"><span class='ocrx_word' id='word_1_113' title='bbox 142 2358 235 2406; x_wconf 92' lang='lat' dir='ltr'>nunc</span> <span class='ocrx_word' id='word_1_114' title='bbox 252 2337 428 2408; x_wconf 88' lang='lat' dir='ltr'>delationes</span> <span class='ocrx_word' id='word_1_115' title='bbox 442 2338 558 2407; x_wconf 85' lang='lat' dir='ltr'>cotidie</span> <span class='ocrx_word' id='word_1_116' title='bbox 573 2338 676 2425; x_wconf 82' lang='lat' dir='ltr'>magis</span> <span class='ocrx_word' id='word_1_117' title='bbox 692 2338 863 2427; x_wconf 83' lang='lat' dir='ltr'>magisque</span> <span class='ocrx_word' id='word_1_118' title='bbox 879 2338 1048 2426; x_wconf 88' lang='lat' dir='ltr'>reciperet.</span> 
     </span>
    </p>

    <p class='ocr_par' dir='ltr' id='par_1_4' title="bbox 188 2453 1206 2524">
     <span class='ocr_line' id='line_1_18' title="bbox 188 2453 1206 2524; baseline 0 -2"><span class='ocrx_word' id='word_1_119' title='bbox 188 2453 231 2522; x_wconf 88' lang='lat' dir='ltr'>Et</span> <span class='ocrx_word' id='word_1_120' title='bbox 250 2475 325 2524; x_wconf 91' lang='lat' dir='ltr'>vero</span> <span class='ocrx_word' id='word_1_121' title='bbox 344 2463 508 2524; x_wconf 90' lang='lat' dir='ltr'>recentem</span> <span class='ocrx_word' id='word_1_122' title='bbox 522 2453 691 2523; x_wconf 91' lang='lat' dir='ltr'>hominem</span> <span class='ocrx_word' id='word_1_123' title='bbox 703 2453 744 2521; x_wconf 91' lang='lat' dir='ltr'>ab</span> <span class='ocrx_word' id='word_1_124' title='bbox 756 2453 966 2522; x_wconf 90' lang='lat' dir='ltr'>acerbissimo</span> <span class='ocrx_word' id='word_1_125' title='bbox 980 2455 1083 2522; x_wconf 89' lang='lat' dir='ltr'>animi</span> <span class='ocrx_word' id='word_1_126' title='bbox 1098 2454 1206 2523; x_wconf 91' lang='lat' dir='ltr'>dolore</span> 
     </span>
    </p>

    <p class='ocr_par' dir='ltr' id='par_1_5' title="bbox 144 2569 1211 3586">
     <span class='ocr_line' id='line_1_19' title="bbox 144 2569 1208 2666; baseline -0.003 -24"><span class='ocrx_word' id='word_1_127' title='bbox 144 2581 179 2642; x_wconf 94' lang='grc'>11</span> <span class='ocrx_word' id='word_1_128' title='bbox 199 2569 368 2640; x_wconf 85' lang='lat' dir='ltr'>iracundia</span> <span class='ocrx_word' id='word_1_129' title='bbox 381 2569 418 2639; x_wconf 92' lang='lat' dir='ltr'>in</span> <span class='ocrx_word' id='word_1_130' title='bbox 429 2590 506 2639; x_wconf 90' lang='lat' dir='ltr'>eum</span> <span class='ocrx_word' id='word_1_131' title='bbox 519 2569 673 2638; x_wconf 89' lang='lat' dir='ltr'>concitari</span> <span class='ocrx_word' id='word_1_132' title='bbox 689 2569 782 2659; x_wconf 82' lang='lat' dir='ltr'>cujus</span> <span class='ocrx_word' id='word_1_133' title='bbox 795 2571 864 2660; x_wconf 92' lang='lat' dir='ltr'>ipse</span> <span class='ocrx_word' id='word_1_134' title='bbox 878 2580 1069 2659; x_wconf 90' lang='lat' dir='ltr'>conspectus</span> <span class='ocrx_word' id='word_1_135' title='bbox 1083 2591 1208 2666; x_wconf 37' lang='lat' dir='ltr'>memo·-</span> 
     </span>
     <span class='ocr_line' id='line_1_20' title="bbox 144 2685 1206 2774; baseline -0.003 -17"><span class='ocrx_word' id='word_1_136' title='bbox 144 2689 232 2758; x_wconf 91' lang='lat' dir='ltr'>riam</span> <span class='ocrx_word' id='word_1_137' title='bbox 263 2688 369 2755; x_wconf 89' lang='lat' dir='ltr'>luctus</span> <span class='ocrx_word' id='word_1_138' title='bbox 395 2685 580 2773; x_wconf 87' lang='lat' dir='ltr'>gravissimi</span> <span class='ocrx_word' id='word_1_139' title='bbox 603 2686 797 2774; x_wconf 89' lang='lat' dir='ltr'>renovabat,</span> <span class='ocrx_word' id='word_1_140' title='bbox 817 2707 876 2755; x_wconf 91' lang='lat' dir='ltr'>nec</span> <span class='ocrx_word' id='word_1_141' title='bbox 899 2687 1036 2774; x_wconf 83' lang='lat' dir='ltr'>longum</span> <span class='ocrx_word' id='word_1_142' title='bbox 1059 2685 1122 2754; x_wconf 89' lang='lat' dir='ltr'>luit</span> <span class='ocrx_word' id='word_1_143' title='bbox 1146 2706 1206 2755; x_wconf 90' lang='lat' dir='ltr'>nec</span> 
     </span>
     <span class='ocr_line' id='line_1_21' title="bbox 146 2802 410 2891; baseline -0.008 -19"><span class='ocrx_word' id='word_1_144' title='bbox 146 2804 262 2891; x_wconf 84' lang='lat' dir='ltr'>magni</span> <span class='ocrx_word' id='word_1_145' title='bbox 277 2802 410 2890; x_wconf 83' lang='lat' dir='ltr'>negotii.</span> 
     </span>
     <span class='ocr_line' id='line_1_22' title="bbox 156 2905 1209 3006; baseline -0.001 -19"><span class='ocrx_word' id='word_1_146' title='bbox 156 2905 162 2920; x_wconf 79' lang='grc'>’</span> <span class='ocrx_word' id='word_1_147' title='bbox 191 2918 296 3006; x_wconf 88' lang='lat' dir='ltr'>Magis</span> <span class='ocrx_word' id='word_1_148' title='bbox 318 2917 452 2988; x_wconf 87' lang='lat' dir='ltr'>fortasse</span> <span class='ocrx_word' id='word_1_149' title='bbox 473 2928 729 2988; x_wconf 88' lang='lat' dir='ltr'>consentaneum</span> <span class='ocrx_word' id='word_1_150' title='bbox 748 2916 863 2986; x_wconf 85' lang='lat' dir='ltr'>luisset</span> <span class='ocrx_word' id='word_1_151' title='bbox 887 2938 980 2987; x_wconf 92' lang='lat' dir='ltr'>reum</span> <span class='ocrx_word' id='word_1_152' title='bbox 995 2915 1209 2987; x_wconf 88' lang='lat' dir='ltr'>bibliotheca-</span> 
     </span>
     <span class='ocr_line' id='line_1_23' title="bbox 145 3034 1209 3123; baseline -0.004 -17"><span class='ocrx_word' id='word_1_153' title='bbox 145 3038 237 3106; x_wconf 89' lang='lat' dir='ltr'>rium</span> <span class='ocrx_word' id='word_1_154' title='bbox 259 3035 368 3104; x_wconf 91' lang='lat' dir='ltr'>statim</span> <span class='ocrx_word' id='word_1_155' title='bbox 382 3035 417 3102; x_wconf 95' lang='lat' dir='ltr'>in</span> <span class='ocrx_word' id='word_1_156' title='bbox 432 3036 568 3104; x_wconf 93' lang='lat' dir='ltr'>concilio</span> <span class='ocrx_word' id='word_1_157' title='bbox 589 3035 710 3123; x_wconf 91' lang='lat' dir='ltr'>audiri,</span> <span class='ocrx_word' id='word_1_158' title='bbox 732 3054 791 3103; x_wconf 91' lang='lat' dir='ltr'>nec</span> <span class='ocrx_word' id='word_1_159' title='bbox 814 3037 905 3122; x_wconf 90' lang='lat' dir='ltr'>prius</span> <span class='ocrx_word' id='word_1_160' title='bbox 928 3034 991 3103; x_wconf 91' lang='lat' dir='ltr'>dici</span> <span class='ocrx_word' id='word_1_161' title='bbox 1014 3034 1209 3104; x_wconf 89' lang='lat' dir='ltr'>sententiam</span> 
     </span>
     <span class='ocr_line' id='line_1_24' title="bbox 146 3147 1210 3241; baseline -0.003 -21"><span class='ocrx_word' id='word_1_162' title='bbox 146 3147 248 3241; x_wconf 84' lang='lat' dir='ltr'>quam</span> <span class='ocrx_word' id='word_1_163' title='bbox 263 3171 436 3221; x_wconf 88' lang='lat' dir='ltr'>causarum</span> <span class='ocrx_word' id='word_1_164' title='bbox 447 3171 484 3220; x_wconf 85' lang='grc'>11</span> <span class='ocrx_word' id='word_1_165' title='bbox 500 3162 637 3240; x_wconf 88' lang='lat' dir='ltr'>utraque</span> <span class='ocrx_word' id='word_1_166' title='bbox 660 3159 751 3239; x_wconf 90' lang='lat' dir='ltr'>parte</span> <span class='ocrx_word' id='word_1_167' title='bbox 764 3151 847 3220; x_wconf 88' lang='lat' dir='ltr'>lacta</span> <span class='ocrx_word' id='word_1_168' title='bbox 858 3161 942 3221; x_wconf 88' lang='lat' dir='ltr'>esset</span> <span class='ocrx_word' id='word_1_169' title='bbox 956 3150 1138 3240; x_wconf 87' lang='lat' dir='ltr'>contentio;</span> <span class='ocrx_word' id='word_1_170' title='bbox 1154 3149 1210 3220; x_wconf 94' lang='lat' dir='ltr'>sed</span> 
     </span>
     <span class='ocr_line' id='line_1_25' title="bbox 148 3268 1210 3356; baseline -0.001 -20"><span class='ocrx_word' id='word_1_171' title='bbox 148 3268 337 3337; x_wconf 85' lang='lat' dir='ltr'>Hadrianus</span> <span class='ocrx_word' id='word_1_172' title='bbox 358 3269 402 3336; x_wconf 90' lang='lat' dir='ltr'>ita</span> <span class='ocrx_word' id='word_1_173' title='bbox 424 3268 535 3336; x_wconf 88' lang='lat' dir='ltr'>animo</span> <span class='ocrx_word' id='word_1_174' title='bbox 561 3277 743 3336; x_wconf 90' lang='lat' dir='ltr'>commotus</span> <span class='ocrx_word' id='word_1_175' title='bbox 765 3278 846 3356; x_wconf 89' lang='lat' dir='ltr'>crat,</span> <span class='ocrx_word' id='word_1_176' title='bbox 870 3276 954 3337; x_wconf 90' lang='lat' dir='ltr'>artes</span> <span class='ocrx_word' id='word_1_177' title='bbox 977 3268 1210 3336; x_wconf 84' lang='lat' dir='ltr'>Anastasianas</span> 
     </span>
     <span class='ocr_line' id='line_1_26' title="bbox 147 3357 1211 3472; baseline -0.002 -20"><span class='ocrx_word' id='word_1_178' title='bbox 147 3384 196 3452; x_wconf 91' lang='lat' dir='ltr'>ita</span> <span class='ocrx_word' id='word_1_179' title='bbox 209 3357 434 3471; x_wconf 78' lang='lat' dir='ltr'>praecavendas</span> <span class='ocrx_word' id='word_1_180' title='bbox 454 3381 602 3471; x_wconf 81' lang='lat' dir='ltr'>putabet,</span> <span class='ocrx_word' id='word_1_181' title='bbox 618 3393 668 3472; x_wconf 89' lang='grc'>11,</span> <span class='ocrx_word' id='word_1_182' title='bbox 684 3359 758 3451; x_wconf 81' lang='grc'><strong>11111</strong></span> <span class='ocrx_word' id='word_1_183' title='bbox 779 3383 932 3471; x_wconf 81' lang='lat' dir='ltr'>synodale</span> <span class='ocrx_word' id='word_1_184' title='bbox 955 3390 1132 3470; x_wconf 89' lang='lat' dir='ltr'>certamen,</span> <span class='ocrx_word' id='word_1_185' title='bbox 1144 3404 1211 3470; x_wconf 87' lang='lat' dir='ltr'>poe·</span> 
     </span>
     <span class='ocr_line' id='line_1_27' title="bbox 149 3499 921 3586; baseline 0 -18"><span class='ocrx_word' id='word_1_186' title='bbox 149 3520 230 3568; x_wconf 91' lang='lat' dir='ltr'>nam</span> <span class='ocrx_word' id='word_1_187' title='bbox 243 3500 377 3568; x_wconf 91' lang='lat' dir='ltr'>interim</span> <span class='ocrx_word' id='word_1_188' title='bbox 393 3500 433 3567; x_wconf 92' lang='lat' dir='ltr'>de</span> <span class='ocrx_word' id='word_1_189' title='bbox 444 3499 498 3568; x_wconf 91' lang='lat' dir='ltr'>illo</span> <span class='ocrx_word' id='word_1_190' title='bbox 513 3509 677 3586; x_wconf 89' lang='lat' dir='ltr'>sumptam</span> <span class='ocrx_word' id='word_1_191' title='bbox 690 3519 759 3568; x_wconf 88' lang='lat' dir='ltr'>esse</span> <span class='ocrx_word' id='word_1_192' title='bbox 773 3499 921 3569; x_wconf 87' lang='lat' dir='ltr'>voluerit.</span> 
     </span>
    </p>
   </div>
   <div class='ocr_carea' id='block_1_3' title="bbox 196 3615 1212 3705">
    <p class='ocr_par' dir='ltr' id='par_1_6' title="bbox 196 3615 1212 3705">
     <span class='ocr_line' id='line_1_28' title="bbox 196 3615 1212 3705; baseline -0.001 -21"><span class='ocrx_word' id='word_1_193' title='bbox 196 3615 321 3705; x_wconf 87' lang='lat' dir='ltr'>ltaque,</span> <span class='ocrx_word' id='word_1_194' title='bbox 344 3619 404 3684; x_wconf 92' lang='lat' dir='ltr'>hoc</span> <span class='ocrx_word' id='word_1_195' title='bbox 425 3637 512 3685; x_wconf 91' lang='lat' dir='ltr'>anno</span> <span class='ocrx_word' id='word_1_196' title='bbox 528 3618 605 3703; x_wconf 87' lang='grc'><strong>868,</strong></span> <span class='ocrx_word' id='word_1_197' title='bbox 621 3627 736 3705; x_wconf 90' lang='lat' dir='ltr'>quarto</span> <span class='ocrx_word' id='word_1_198' title='bbox 759 3617 833 3687; x_wconf 93' lang='lat' dir='ltr'>idus</span> <span class='ocrx_word' id='word_1_199' title='bbox 849 3616 1017 3705; x_wconf 89' lang='lat' dir='ltr'>Octobres,</span> <span class='ocrx_word' id='word_1_200' title='bbox 1033 3615 1212 3686; x_wconf 76' lang='grc'><strong>11811111,</strong></span> 
     </span>
    </p>
   </div>
   <div class='ocr_carea' id='block_1_4' title="bbox 149 3774 1218 4404">
    <p class='ocr_par' dir='ltr' id='par_1_7' title="bbox 149 3774 1215 4165">
     <span class='ocr_line' id='line_1_29' title="bbox 183 3774 1214 3840; baseline -0.002 -14"><span class='ocrx_word' id='word_1_201' title='bbox 183 3777 207 3826; x_wconf 91' lang='grc'>1.</span> <span class='ocrx_word' id='word_1_202' title='bbox 224 3777 283 3836; x_wconf 80' lang='lat' dir='ltr'>Qua</span> <span class='ocrx_word' id='word_1_203' title='bbox 297 3776 348 3840; x_wconf 91' lang='lat' dir='ltr'>ipsa</span> <span class='ocrx_word' id='word_1_204' title='bbox 363 3774 497 3825; x_wconf 87' lang='lat' dir='ltr'>Hadrianus</span> <span class='ocrx_word' id='word_1_205' title='bbox 510 3776 536 3825; x_wconf 89' lang='lat' dir='ltr'>in</span> <span class='ocrx_word' id='word_1_206' title='bbox 549 3791 592 3826; x_wconf 90' lang='lat' dir='ltr'>auo</span> <span class='ocrx_word' id='word_1_207' title='bbox 606 3777 713 3827; x_wconf 82' lang='lat' dir='ltr'>Decreta</span> <span class='ocrx_word' id='word_1_208' title='bbox 723 3776 758 3827; x_wconf 89' lang='lat' dir='ltr'>sic</span> <span class='ocrx_word' id='word_1_209' title='bbox 772 3777 871 3828; x_wconf 90' lang='lat' dir='ltr'>retulit:</span> <span class='ocrx_word' id='word_1_210' title='bbox 885 3797 897 3826; x_wconf 82' lang='grc'>1</span> <span class='ocrx_word' id='word_1_211' title='bbox 906 3778 977 3830; x_wconf 84' lang='lat' dir='ltr'>Modo</span> <span class='ocrx_word' id='word_1_212' title='bbox 990 3791 1056 3840; x_wconf 86' lang='grc'><strong>1111,</strong></span> <span class='ocrx_word' id='word_1_213' title='bbox 1068 3776 1132 3826; x_wconf 88' lang='lat' dir='ltr'>sicut</span> <span class='ocrx_word' id='word_1_214' title='bbox 1144 3774 1214 3826; x_wconf 89' lang='lat' dir='ltr'>multi</span> 
     </span>
     <span class='ocr_line' id='line_1_30' title="bbox 150 3855 1214 3922; baseline -0.003 -15"><span class='ocrx_word' id='word_1_215' title='bbox 150 3861 260 3907; x_wconf 71' lang='lat' dir='ltr'>restrum</span> <span class='ocrx_word' id='word_1_216' title='bbox 280 3870 375 3905; x_wconf 87' lang='lat' dir='ltr'>mecum</span> <span class='ocrx_word' id='word_1_217' title='bbox 399 3870 414 3904; x_wconf 86' lang='grc'>1</span> <span class='ocrx_word' id='word_1_218' title='bbox 435 3855 538 3920; x_wconf 88' lang='lat' dir='ltr'>quodam</span> <span class='ocrx_word' id='word_1_219' title='bbox 559 3856 697 3922; x_wconf 83' lang='lat' dir='ltr'>presbytero</span> <span class='ocrx_word' id='word_1_220' title='bbox 720 3859 895 3920; x_wconf 80' lang='lat' dir='ltr'>consanguineo</span> <span class='ocrx_word' id='word_1_221' title='bbox 917 3859 977 3922; x_wconf 88' lang='lat' dir='ltr'>ejus,</span> <span class='ocrx_word' id='word_1_222' title='bbox 1005 3857 1101 3906; x_wconf 88' lang='lat' dir='ltr'>nomine</span> <span class='ocrx_word' id='word_1_223' title='bbox 1121 3856 1214 3918; x_wconf 79' lang='lat' dir='ltr'>Adone,</span> 
     </span>
     <span class='ocr_line' id='line_1_31' title="bbox 149 3935 1215 4001; baseline -0.003 -14"><span class='ocrx_word' id='word_1_224' title='bbox 149 3936 263 4000; x_wconf 85' lang='lat' dir='ltr'>audistis,</span> <span class='ocrx_word' id='word_1_225' title='bbox 280 3941 305 3986; x_wconf 91' lang='lat' dir='ltr'>at</span> <span class='ocrx_word' id='word_1_226' title='bbox 319 3935 372 3986; x_wconf 86' lang='lat' dir='ltr'>allis</span> <span class='ocrx_word' id='word_1_227' title='bbox 390 3935 467 3986; x_wconf 90' lang='lat' dir='ltr'>modis</span> <span class='ocrx_word' id='word_1_228' title='bbox 485 3937 553 3986; x_wconf 89' lang='lat' dir='ltr'>nobis</span> <span class='ocrx_word' id='word_1_229' title='bbox 576 3936 707 3987; x_wconf 82' lang='lat' dir='ltr'>revelatum</span> <span class='ocrx_word' id='word_1_230' title='bbox 727 3944 773 4000; x_wconf 85' lang='grc'><strong>111,</strong></span> <span class='ocrx_word' id='word_1_231' title='bbox 792 3938 961 3988; x_wconf 84' lang='lat' dir='ltr'>beneficiorum</span> <span class='ocrx_word' id='word_1_232' title='bbox 975 3951 1070 4001; x_wconf 87' lang='lat' dir='ltr'>quoque</span> <span class='ocrx_word' id='word_1_233' title='bbox 1081 3942 1215 3986; x_wconf 90' lang='lat' dir='ltr'>nostrorum</span> 
     </span>
     <span class='ocr_line' id='line_1_32' title="bbox 152 4015 1215 4081; baseline -0.002 -15"><span class='ocrx_word' id='word_1_234' title='bbox 152 4018 290 4081; x_wconf 88' lang='lat' dir='ltr'>immemor,</span> <span class='ocrx_word' id='word_1_235' title='bbox 313 4016 434 4070; x_wconf 88' lang='lat' dir='ltr'>homiuem</span> <span class='ocrx_word' id='word_1_236' title='bbox 453 4015 482 4066; x_wconf 84' lang='lat' dir='ltr'>ad</span> <span class='ocrx_word' id='word_1_237' title='bbox 503 4016 668 4067; x_wconf 82' lang='lat' dir='ltr'>Eleutherlum</span> <span class='ocrx_word' id='word_1_238' title='bbox 686 4018 761 4081; x_wconf 89' lang='lat' dir='ltr'>misit,</span> <span class='ocrx_word' id='word_1_239' title='bbox 786 4018 912 4067; x_wconf 84' lang='lat' dir='ltr'>exhortans</span> <span class='ocrx_word' id='word_1_240' title='bbox 931 4015 1059 4068; x_wconf 87' lang='lat' dir='ltr'>homicidia</span> <span class='ocrx_word' id='word_1_241' title='bbox 1073 4016 1215 4081; x_wconf 85' lang='lat' dir='ltr'>perpetrari,</span> 
     </span>
     <span class='ocr_line' id='line_1_33' title="bbox 153 4094 1020 4165; baseline 0.001 -18"><span class='ocrx_word' id='word_1_242' title='bbox 153 4111 217 4162; x_wconf 76' lang='lat' dir='ltr'>qua,</span> <span class='ocrx_word' id='word_1_243' title='bbox 232 4098 293 4148; x_wconf 87' lang='lat' dir='ltr'>sicut</span> <span class='ocrx_word' id='word_1_244' title='bbox 305 4097 379 4161; x_wconf 85' lang='lat' dir='ltr'>scitis,</span> <span class='ocrx_word' id='word_1_245' title='bbox 389 4097 449 4160; x_wconf 90' lang='lat' dir='ltr'>proh</span> <span class='ocrx_word' id='word_1_246' title='bbox 463 4094 544 4146; x_wconf 86' lang='lat' dir='ltr'>dolor!</span> <span class='ocrx_word' id='word_1_247' title='bbox 560 4097 623 4147; x_wconf 84' lang='lat' dir='ltr'>facta</span> <span class='ocrx_word' id='word_1_248' title='bbox 636 4103 723 4149; x_wconf 82' lang='lat' dir='ltr'>sunt.»</span> <span class='ocrx_word' id='word_1_249' title='bbox 740 4097 936 4162; x_wconf 73' lang='lat' dir='ltr'>(Pcrtz,1,4lt.)</span> <span class='ocrx_word' id='word_1_250' title='bbox 1018 4161 1020 4165; x_wconf 85' lang='lat'>.</span> 
     </span>
    </p>

    <p class='ocr_par' dir='ltr' id='par_1_8' title="bbox 155 4175 1218 4404">
     <span class='ocr_line' id='line_1_34' title="bbox 186 4175 1216 4243; baseline 0 -15"><span class='ocrx_word' id='word_1_251' title='bbox 186 4180 212 4230; x_wconf 81' lang='lat'>2.</span> <span class='ocrx_word' id='word_1_252' title='bbox 230 4195 289 4229; x_wconf 84' lang='lat' dir='ltr'>u...</span> <span class='ocrx_word' id='word_1_253' title='bbox 303 4193 346 4243; x_wconf 89' lang='lat' dir='ltr'>pro</span> <span class='ocrx_word' id='word_1_254' title='bbox 373 4191 401 4226; x_wconf 91' lang='lat' dir='ltr'>ec</span> <span class='ocrx_word' id='word_1_255' title='bbox 420 4175 483 4240; x_wconf 90' lang='lat' dir='ltr'>quod</span> <span class='ocrx_word' id='word_1_256' title='bbox 501 4176 584 4226; x_wconf 88' lang='lat' dir='ltr'>altiora</span> <span class='ocrx_word' id='word_1_257' title='bbox 602 4192 627 4228; x_wconf 90' lang='lat' dir='ltr'>se</span> <span class='ocrx_word' id='word_1_258' title='bbox 648 4184 732 4242; x_wconf 87' lang='lat' dir='ltr'>petens</span> <span class='ocrx_word' id='word_1_259' title='bbox 748 4203 779 4214; x_wconf 90' lang='lat'>-</span> <span class='ocrx_word' id='word_1_260' title='bbox 796 4176 860 4242; x_wconf 91' lang='lat' dir='ltr'>quod</span> <span class='ocrx_word' id='word_1_261' title='bbox 883 4177 928 4226; x_wconf 92' lang='lat' dir='ltr'>sibi</span> <span class='ocrx_word' id='word_1_262' title='bbox 953 4178 1041 4226; x_wconf 86' lang='lat' dir='ltr'>totiena</span> <span class='ocrx_word' id='word_1_263' title='bbox 1059 4177 1216 4228; x_wconf 89' lang='lat' dir='ltr'>interdictum</span> 
     </span>
     <span class='ocr_line' id='line_1_35' title="bbox 155 4257 1218 4323; baseline 0.001 -15"><span class='ocrx_word' id='word_1_264' title='bbox 155 4257 279 4310; x_wconf 85' lang='lat' dir='ltr'>fuerat-</span> <span class='ocrx_word' id='word_1_265' title='bbox 291 4265 383 4310; x_wconf 84' lang='lat' dir='ltr'>temere</span> <span class='ocrx_word' id='word_1_266' title='bbox 399 4258 530 4323; x_wconf 82' lang='lat' dir='ltr'>usurpavit,</span> <span class='ocrx_word' id='word_1_267' title='bbox 545 4258 685 4308; x_wconf 87' lang='grc'><strong>1111111111</strong></span> <span class='ocrx_word' id='word_1_268' title='bbox 701 4257 780 4308; x_wconf 88' lang='lat' dir='ltr'>locum</span> <span class='ocrx_word' id='word_1_269' title='bbox 795 4257 940 4322; x_wconf 89' lang='lat' dir='ltr'>conscendit,</span> <span class='ocrx_word' id='word_1_270' title='bbox 954 4258 1012 4307; x_wconf 88' lang='lat' dir='ltr'>satis</span> <span class='ocrx_word' id='word_1_271' title='bbox 1024 4270 1106 4309; x_wconf 86' lang='lat' dir='ltr'>nostra</span> <span class='ocrx_word' id='word_1_272' title='bbox 1118 4259 1218 4311; x_wconf 86' lang='grc'><strong>11111111</strong></span> 
     </span>
     <span class='ocr_line' id='line_1_36' title="bbox 157 4325 1005 4404; baseline 0 -14"><span class='ocrx_word' id='word_1_273' title='bbox 157 4340 319 4392; x_wconf 78' lang='lat' dir='ltr'>murmuravit</span> <span class='ocrx_word' id='word_1_274' title='bbox 331 4353 358 4390; x_wconf 90' lang='grc'>11</span> <span class='ocrx_word' id='word_1_275' title='bbox 368 4345 511 4392; x_wconf 87' lang='lat' dir='ltr'>murmurat.</span> <span class='ocrx_word' id='word_1_276' title='bbox 522 4355 537 4388; x_wconf 89' lang='grc'>1</span> <span class='ocrx_word' id='word_1_277' title='bbox 552 4338 669 4390; x_wconf 88' lang='lat' dir='ltr'>Hadriani</span> <span class='ocrx_word' id='word_1_278' title='bbox 683 4339 705 4390; x_wconf 95' lang='grc'>11</span> <span class='ocrx_word' id='word_1_279' title='bbox 717 4340 851 4390; x_wconf 81' lang='lat' dir='ltr'>Decretum</span> <span class='ocrx_word' id='word_1_280' title='bbox 865 4338 955 4404; x_wconf 81' lang='lat' dir='ltr'>(ibid).</span> <span class='ocrx_word' id='word_1_281' title='bbox 1003 4325 1005 4334; x_wconf 22' lang='grc' dir='ltr'><em>Α</em></span> 
     </span>
    </p>
   </div>
   <div class='ocr_carea' id='block_1_5' title="bbox 1067 4437 1095 4482">
    <p class='ocr_par' dir='ltr' id='par_1_9' title="bbox 1067 4437 1095 4482">
     <span class='ocr_line' id='line_1_37' title="bbox 1067 4437 1095 4482; baseline 0 0"><span class='ocrx_word' id='word_1_282' title='bbox 1067 4437 1095 4482; x_wconf 83' lang='lat' dir='ltr'>ltt</span> 
     </span>
    </p>
   </div>
   <div class='ocr_carea' id='block_1_6' title="bbox 0 0 1517 5050">
    <p class='ocr_par' dir='ltr' id='par_1_10' title="bbox 0 0 1517 5050">
     <span class='ocr_line' id='line_1_38' title="bbox 0 0 1517 5050; baseline 0 0"><span class='ocrx_word' id='word_1_283' title='bbox 0 0 1517 5050; x_wconf 95' lang='lat' dir='ltr'> </span> 
     </span>
    </p>
   </div>
  </div>
 </body>
</html>
