2960 5052
284 463 382 514 Oll'l'll
403 462 529 522 brouls
550 462 824 514 lrtsrtntt'rtortn
844 463 1089 516 olseuanrtta
1190 470 1217 518 cl

152 603 368 674 scientissimo
383 602 452 691 jam
466 601 641 690 perfectam
655 602 694 672 de
708 603 836 692 integro
850 601 963 674 iecisse
974 605 1009 674 ¹‘l
1022 605 1118 678 Adde
1131 610 1217 697 quod

153 739 192 788 ex
210 717 322 788 eodem
337 719 503 786 Anastasii
523 719 643 805 scripto
664 717 771 805 colligi
791 727 894 805 potest
911 723 1035 790 Ursum
1053 723 1218 792 medicum

152 834 186 902 in
201 833 314 922 graecis
327 832 443 902 litteris
466 832 565 901 luisse
586 833 812 922 peregrinum,
828 842 925 920 atque
939 833 981 903 ob
998 855 1072 905 eam
1086 858 1219 908 causam

152 949 434 1018 bibliothecarium
466 969 597 1036 rogasse
622 957 659 1017 ut
682 949 793 1018 Vitam
820 947 856 1018 S.
877 947 988 1020 Basilii
1016 951 1052 1020 in
1076 953 1218 1024 latinum

152 1075 301 1152 verteret,
330 1065 408 1152 quia
433 1065 501 1151 ipsa
528 1084 602 1133 eam
626 1085 730 1152 graece
752 1085 819 1134 non
843 1075 968 1153 potarat
995 1066 1179 1158 intelligere
1191 1068 1216 1138 ².

150 1181 318 1268 Denique,
342 1201 419 1248 cum
439 1181 544 1250 Ursus
562 1181 731 1250 Romanus
751 1202 787 1249 er
804 1181 919 1251 ordine
939 1183 1218 1254 subdiaconorum

150 1293 284 1384 fueriti,
301 1296 381 1363 alter
399 1307 511 1366 contra
533 1317 567 1364 sc
587 1296 741 1364 infimum
761 1297 959 1366 sacerdotem
973 1301 1217 1390 nuncupavit⁴;

149 1433 211 1480 neo
225 1412 324 1480 etiam
336 1411 490 1480 credibile
501 1420 636 1482 osteum
646 1411 812 1480 medicum
825 1433 937 1501 quem,
950 1413 1073 1485 Nicolai
1089 1425 1217 1505 tempo-

147 1528 254 1614 ribus,
278 1528 386 1594 virum
404 1547 537 1612 gravem
560 1525 660 1596 luisse
678 1547 717 1594 ex
735 1525 807 1615 ejus
823 1526 929 1596 ollicio
940 1528 1083 1617 judicari
1098 1540 1215 1621 potest,

146 1663 313 1730 quemque
331 1652 402 1710 tum
422 1663 532 1710 revera
547 1641 741 1710 Anastasius
764 1665 781 1708 o
797 1646 1053 1713 venerandum»
1068 1649 1217 1736 appella-

149 1759 218 1843 bat,
238 1758 346 1845 ipsum
368 1756 500 1842 deinde,
524 1777 600 1824 cum
625 1756 737 1826 Vitam
762 1755 799 1826 S.
824 1754 936 1827 basilii
950 1760 1153 1850 transferret,
1180 1784 1215 1832 se

144 1871 302 1961 juvenem
330 1871 449 1940 dixisse
477 1872 679 1959 lectoresque
701 1892 812 1942 orasse
835 1882 872 1940 ut
895 1874 981 1942 atati
1008 1896 1076 1944 sua
1097 1879 1214 1965 puerili

150 1986 279 2058 veniam
293 1985 440 2056 darent⁵.
456 1986 673 2075 Quapropter,
684 1987 712 2054 si
725 1987 801 2074 quis
813 1985 875 2056 sibl
889 1988 1082 2075 persuadeat
1093 1990 1217 2062 Ursum

147 2102 325 2191 quemdam
346 2101 519 2191 exstitisse,
538 2102 597 2190 qui
611 2101 721 2172 Vitam
736 2101 771 2170 S.
789 2101 902 2172 Basilii
914 2103 954 2172 de
968 2124 1074 2192 graeco
1088 2105 1123 2174 in
1140 2107 1215 2175 lati-

149 2238 232 2286 num
254 2217 466 2305 converterit,
492 2215 581 2304 qnod
608 2235 669 2304 ego
694 2218 786 2286 valde
808 2215 956 2306 dubitol,
982 2220 1071 2288 hunc
1098 2221 1214 2290 saltem

180 2475 204 2524 1.
219 2474 250 2524 Et
264 2472 287 2522 id
300 2472 406 2524 nondum
424 2477 519 2524 mortuo
538 2471 634 2523 Nicolao
656 2473 677 2534 I,
699 2473 818 2538 siquidem
832 2475 888 2526 Ursi
903 2473 1021 2538 Prologus
1032 2477 1149 2540 Gregorio
1161 2477 1215 2529 duci

146 2553 297 2617 inscribitur,
310 2553 351 2616 qui
369 2567 392 2603 a.
411 2555 454 2604 867
468 2567 607 2618 supremum
618 2552 684 2602 diem
696 2553 764 2602 obiit.
779 2553 810 2606 V.
824 2553 850 2604 di
861 2555 926 2618 Meo,
941 2570 980 2622 op.
991 2556 1043 2621 cit,
1059 2574 1083 2623 p.
1099 2560 1154 2610 ll2.

178 2636 204 2683 2.
222 2633 263 2686 Sic
278 2633 343 2682 enim
356 2633 446 2683 Ursum
460 2631 590 2696 alloquitur
599 2632 739 2682 Anastasius
753 2648 760 2682 ε
774 2635 829 2683 «nt
849 2649 880 2684 ne
897 2633 957 2684 lortn
972 2636 1037 2686 dicas
1051 2637 1118 2687 illum
1136 2638 1216 2702 (Rasi-

145 2713 217 2777 lium)
246 2713 354 2763 docuisse
375 2718 401 2762 at
422 2727 472 2761 non
491 2711 588 2774 lcaisss;
601 2712 662 2777 jam
687 2727 754 2763 nunc
774 2715 837 2764 scies
855 2714 911 2778 qaia
926 2714 985 2765 lacit
1003 2716 1067 2782 quod
1082 2717 1172 2780 docuit,
1188 2720 1214 2767 et

145 2791 180 2842 de
200 2795 280 2842 celero
296 2790 396 2841 babebis
414 2791 478 2858 qnod
492 2790 602 2844 imitaris.
618 2809 631 2839 s
649 2791 770 2842 Anastasii
786 2792 909 2858 Prologus
924 2793 960 2844 od
983 2795 1075 2846 Ursam
1088 2796 1215 2846 medicum

146 2871 227 2937 (llus.
242 2871 313 2934 stat,
330 2871 412 2933 ibid).

178 2954 203 3003 3.
220 2954 252 3002 V.
265 2951 384 3002 anastasii
397 2949 580 3016 Prolcpumad
597 2949 686 3001 Ursum
700 2950 825 3002 medicum
838 2951 913 3018 (llos.
926 2952 1000 3018 nat,
1017 2952 1034 3006 l.
1049 2967 1084 3018 c.,
1094 2961 1119 3007 st
1130 2969 1213 3022 supra,

145 3031 309 3099 meQ

177 3115 202 3165 1.
219 3113 252 3164 V.
265 3111 428 3164 Pseudo-Ursi
444 3109 586 3177 Prolcpum
598 3110 701 3176 (Migne,
714 3109 732 3162 1.
745 3125 779 3176 a,
795 3117 822 3161 st
834 3125 917 3176 supra,
929 3126 955 3177 p.
965 3114 1005 3176 ts,
1020 3127 1045 3165 n.
1057 3114 1091 3180 1).

176 3197 202 3244 5.
219 3190 373 3241 ullumilitor
393 3205 451 3254 ergo
465 3191 560 3240 reniam
580 3205 595 3240 a
614 3189 743 3240 lectoribus
760 3189 909 3253 postulamus
925 3196 982 3243 ut...
1001 3193 1127 3254 ignoscant
1147 3197 1213 3247 retati

144 3276 234 3342 puerili
245 3274 418 3340 fragilitatique
429 3275 571 3324 humanans
582 3273 746 3325 Pseudo-Ursi
758 3274 882 3339 Prologus
893 3276 994 3341 (Mlguc,
1003 3279 1032 3329 P.
1044 3279 1084 3344 G,
1095 3284 1115 3330 t.
1124 3281 1214 3346 XXIX,

164 3356 298 3420 .ccxcrv).

144 3375 161 3423 p
177 3438 202 3486 6.
227 3435 322 3485 Etenim
347 3434 451 3484 iohanni
483 3434 597 3486 llabillon
626 3433 752 3498 assentior,
788 3433 829 3499 qui
861 3434 1009 3486 existimarit
1036 3437 1118 3490 Vitam
1148 3439 1214 3492 illam

144 3519 172 3569 S.
188 3516 282 3580 Basilii,
297 3531 349 3580 qua
362 3518 423 3567 Urso
436 3513 508 3577 vulgo
521 3515 644 3576 tribuitur,
658 3514 719 3564 nihil
729 3514 794 3564 aliud
808 3529 862 3565 ssse
873 3530 946 3580 quam
957 3515 1076 3568 Anastasii
1087 3519 1214 3570 bibliothe-

66 3648 68 3652 ,
142 3597 203 3647 carii
218 3595 437 3661 interpretationem
449 3595 661 3660 (Musltott'cum,
680 3594 698 3644 l.
712 3609 744 3656 c.,
755 3609 780 3659 p.
796 3595 846 3659 81).
856 3596 912 3648 Ursi
922 3611 978 3646 sero
994 3597 1130 3662 Prologum,
1143 3614 1215 3664 quem

142 3678 243 3743 quidem
256 3678 280 3728 J.
292 3675 405 3727 Mabillon
417 3691 465 3725 non
477 3681 585 3738 noverat,
599 3675 753 3726 subditicium
769 3690 822 3726 esse
837 3692 978 3741 persuasum
994 3679 1086 3742 habao;
1101 3678 1215 3744 adquam

142 3756 319 3808 conficiendum
326 3756 434 3806 falsarius
441 3755 540 3820 quidam
548 3769 575 3805 eo
583 3755 633 3820 ipso
640 3755 760 3806 Anastasii
769 3755 880 3821 Prologo,
891 3758 1015 3822 lateralia,
1025 3774 1082 3807 usus
1091 3761 1213 3824 est.Nam,

142 3844 231 3903 proter
251 3851 338 3887 nomen
358 3836 423 3900 Ursi,
445 3850 517 3901 quem
537 3835 582 3885 ists
602 3835 632 3884 ab
657 3836 813 3886 anastasiana
837 3836 938 3899 Prologo
963 3838 1093 3902 sumpsisse
1110 3838 1215 3904 videtur,

142 3917 270 3968 Nicolaum
279 3918 353 3968 stiam
362 3914 456 3965 induxit
465 3914 488 3964 in
502 3930 545 3964 sna
556 3921 704 3978 commenta,
719 3922 801 3980 atqua,
817 3917 1018 3980 quemadmodum
1033 3919 1121 3968 timum
1140 3918 1215 3970 madi-

143 4014 199 4048 cum
215 4005 240 4048 at
253 3998 426 4048 subdiaconum
440 3995 464 4046 in
481 3996 589 4046 infimum
606 3995 753 4046 sacerdotem
767 3997 879 4057 mutarit,
896 3998 930 4048 its
944 3998 1017 4048 etism
1029 3998 1140 4050 Nicolsus
1154 4016 1216 4065 papa

141 4078 208 4142 apud
223 4077 291 4127 illurn
305 4078 408 4127 habetur
427 4083 453 4127 ut
468 4075 555 4142 presul
573 4077 710 4125 Grucorum
727 4082 752 4126 et
772 4076 948 4141 philosophus:
964 4079 1151 4145 «perreximus,
1171 4082 1214 4146 ait,

142 4159 173 4209 ad
184 4159 309 4209 dominum
320 4157 456 4222 Nicolaum,
468 4155 594 4222 praesulem
607 4157 781 4222 peritissimum
791 4159 929 4207 Grecorum
940 4164 1012 4223 atqua
1021 4160 1213 4228 philosophum»

143 4241 248 4304 (bligne,
263 4241 292 4291 P.
309 4239 350 4303 G.,
365 4244 384 4289 t.
399 4239 489 4299 XXIX,
503 4253 526 4303 p.
542 4236 657 4302 ccxciv).
672 4237 742 4297 Quod
755 4243 836 4286 autem
855 4236 895 4286 ille
909 4252 935 4287 se
945 4238 1005 4288 sita
1021 4242 1136 4305 Gregorio
1155 4244 1216 4295 duos

144 4319 274 4372 incitatam
291 4319 364 4369 luisse
386 4319 416 4369 ad
435 4317 602 4380 scribendum,
623 4317 648 4368 id
669 4317 825 4368 vehementer
843 4317 950 4381 suspicor
969 4328 1092 4387 sumptum
1112 4325 1141 4374 de
1158 4325 1215 4376 viu
