2960 5052
307 411 562 472 ANASTASlANl
584 421 730 472 lNGENll
751 421 869 471 PlllblA
892 421 1082 472 axelnoxt
1197 425 1224 473 dl

162 558 351 649 pontificali
361 571 524 649 narratur,
540 563 765 651 Anastasiurn,
782 561 972 630 sarracenis
994 563 1225 650 scelestiorem,

168 673 338 742 «Domini
360 675 439 744 lesu
458 677 578 746 Christi
600 677 736 766 ejusque
757 698 884 766 semper
901 678 1036 764 virginis
1053 677 1227 748 Genitriois

163 788 294 856 iconam
323 789 471 876 bipenni,
500 790 587 877 quod
615 813 681 858 non
708 791 876 879 debuerat,
903 791 945 860 ad
966 792 1032 860 ima
1058 792 1225 881 dejecisse,

162 923 224 990 pro
247 924 312 991 quo
334 904 515 973 detestabili
537 926 634 991 opere
657 905 839 974 orthodoxa
860 907 968 975 cuncti
989 908 1127 976 cultores
1151 909 1226 980 fidei

161 1021 324 1106 lacrymas
345 1017 517 1088 suadentes
534 1020 806 1109 ingemiscebant,
822 1030 855 1090 et
871 1022 1003 1090 tristitia
1017 1024 1226 1109 replebantur

160 1155 200 1201 ao
213 1132 375 1202 moerore¹
390 1159 423 1202 n.
438 1135 565 1214 Quibus
580 1134 702 1204 nefarie
722 1136 866 1224 patratis,
879 1137 1111 1223 patriarchium
1127 1138 1225 1208 Late-

159 1269 303 1317 ranense
324 1249 354 1318 vi
376 1259 408 1317 et
428 1249 527 1316 armis
551 1261 777 1338 oppugnatur3
802 1249 1001 1338 franguntur
1020 1262 1118 1340 porte
1134 1253 1225 1320 omni

160 1366 305 1432 telorum
337 1385 475 1452 genere,
509 1364 694 1452 ingreditur
721 1365 914 1434 Anastasius
947 1378 1043 1455 atque
1074 1367 1109 1435 in
1145 1369 1225 1436 solio

158 1480 355 1566 pontificali,
383 1480 480 1548 veluti
503 1490 659 1548 cruentus
684 1490 856 1568 tyrannus,
885 1479 1056 1549 considit&
1085 1483 1222 1571 Deinde,

158 1595 233 1682 ipsc
256 1595 394 1683 jubente
427 1594 462 1662 S.
486 1595 628 1663 Marcelli
656 1595 858 1684 presbytero,
886 1596 1076 1665 exturbatur
1116 1595 1225 1668 Bene·

159 1710 282 1796 dictus,
298 1710 416 1778 electus
439 1710 593 1798 pontifex,
613 1711 743 1779 exuitur
764 1711 965 1779 vestimentis
985 1712 1223 1799 pontificalibus

158 1833 260 1912 atque
287 1825 474 1892 custodibus
504 1836 591 1893 arcte
624 1825 837 1894 asservandus
865 1824 1041 1894 traditur³.
1068 1826 1133 1895 Per
1158 1837 1224 1896 tres

158 1940 280 2007 solidos
310 1939 378 2008 dies
408 1938 641 2027 conjurationis
667 1939 766 2028 bup‘us
793 1939 968 2029 principes,
998 1961 1035 2008 ac
1063 1943 1223 2030 praecipua

159 2055 255 2122 missi
270 2054 334 2122 duo
349 2055 567 2142 imperatoris,
584 2057 737 2124 omnibus
751 2055 856 2124 modis
870 2065 1022 2143 satagunt
1037 2065 1072 2123 ut
1086 2057 1223 2142 populus

157 2169 331 2237 Romanus
348 2170 389 2238 ab
403 2171 494 2238 electi
509 2171 671 2239 candidati
686 2191 781 2240 causa
796 2169 963 2258 desciscat,
977 2169 1225 2238 Anastasianas·

158 2304 226 2372 que
247 2284 287 2353 ad
305 2295 413 2373 partes
434 2285 608 2354 trauseat⁴.
632 2287 677 2352 At
700 2285 846 2354 frustra:
866 2285 964 2354 iidem
986 2285 1153 2354 Benedicti
1176 2285 1225 2353 lll

159 2401 308 2489 plerique
323 2401 545 2468 Romanorum
568 2401 612 2468 ita
630 2400 767 2468 firmiter
788 2401 943 2483 retinent,
961 2410 1010 2484 ut,
1025 2410 1097 2489 post
1114 2401 1224 2470 irritos

159 2525 311 2603 conatus,
343 2516 445 2584 victus
480 2515 611 2583 tandem
638 2515 845 2601 Anastasius,
872 2524 968 2602 atque
1002 2516 1043 2584 ab
1068 2516 1223 2586 omnibus

158 2627 229 2698 iere
258 2631 399 2717 relictus,
428 2631 533 2700 Roma
555 2632 692 2719 turpiter
714 2629 927 2719 expellatur⁵.

206 2744 267 2813 lV.
294 2746 370 2814 Haeo
389 2755 497 2814 autem
517 2746 621 2815 fusius
639 2747 675 2813 in
702 2745 774 2814 Vita
789 2743 956 2812 Benedicti
967 2747 1034 2833 III,
1051 2745 1091 2812 ad
1107 2767 1221 2834 quam,

161 2879 206 2928 ne
217 2860 279 2926 sim
291 2861 430 2949 longior,
442 2864 595 2931 lectorem
606 2859 728 2949 rejicio.
747 2860 995 2946 Verumtamen,
1006 2881 1081 2928 cum
1092 2871 1223 2948 propter

161 2975 311 3062 quedam
331 2978 428 3045 verba
447 2977 546 3065 buius
567 2977 650 3046 Vitae
669 2985 819 3065 corrupta
840 2975 1020 3046 Arsenium
1034 2975 1222 3063 episcopum

194 3226 217 3273 l.
235 3222 306 3286 thid„
320 3237 343 3272 c.
358 3235 408 3287 xxx,
423 3239 449 3288 p.
465 3227 519 3275 151.

194 3305 216 3353 2.
234 3304 306 3353 ollis
329 3304 409 3367 itaqua
430 3304 541 3369 peractis,
557 3303 636 3354 hostili
657 3303 746 3354 virtute
765 3302 816 3370 ipse
836 3305 935 3354 Romam
948 3304 1072 3369 depositus
1089 3303 1224 3366 ingreditur

161 3383 295 3448 presbyter,
310 3382 465 3448 celeriterque
478 3384 508 3432 ad
522 3384 823 3448 lateranensepropsravit
835 3399 890 3433 oum
904 3385 1058 3449 iniquissimis
1071 3385 1122 3448 ejus
1135 3398 1222 3447 sequa·

159 3463 237 3524 cibus,
257 3469 282 3512 et
297 3463 403 3512 saeculari
425 3464 531 3528 potentia
550 3463 731 3528 patriarchium,
744 3464 875 3528 multisque
888 3467 988 3514 telorum
1001 3465 1128 3527 generibus
1138 3465 1223 3526 januas

160 3543 213 3604 ejus
233 3545 351 3608 aperiens,
378 3551 493 3609 tyrannus
516 3543 590 3594 veluti
616 3550 738 3606 cruentus,
759 3558 799 3593 eas
819 3543 934 3603 introivit,
954 3544 1068 3612 solioque,
1092 3543 1156 3608 quod
1177 3555 1222 3591 noo

160 3624 273 3672 manibus
283 3631 430 3674 contrectare
441 3625 563 3685 debuerat,
579 3624 675 3674 resedit.
688 3641 702 3670 n
719 3623 793 3686 lbid.,
808 3637 828 3676 c.
840 3636 935 3689 x111,p.
951 3627 1004 3674 152.

190 3705 215 3752 3.
233 3704 304 3766 lbid,
318 3717 339 3752 c.
356 3715 414 3766 xxxx,
428 3715 484 3767 xm,
498 3720 523 3769 p.
539 3707 593 3755 152.

189 3785 213 3833 l.
232 3783 361 3844 «Augusti
385 3785 469 3846 saepius
488 3784 544 3833 dicti
562 3783 635 3844 legati
654 3783 794 3847 frementes,
818 3797 954 3846 magnaque
969 3788 1090 3831 tumentes
1109 3780 1222 3844 superbia

158 3868 325 3927 pervenerunt,
340 3868 364 3912 et
378 3863 467 3926 impetu
479 3863 542 3912 lacto
555 3863 664 3912 absidam
674 3865 699 3912 iu
710 3863 870 3927 quoepiscopi
883 3861 1009 3926 psallentes
1019 3860 1155 3910 residebant
1166 3874 1221 3909 cum

159 3942 230 4005 clero,
252 3941 331 3992 leones
349 3942 422 3992 veluti
445 3943 594 4005 ferocissimi,
616 3943 814 4002 conscenderunt,
832 3943 966 4004 erectisque
982 3939 1073 3989 baculis
1090 3953 1129 3988 eos
1149 3954 1221 3989 cona-

159 4023 248 4072 bantur
260 4021 347 4072 elidere
367 4023 512 4086 ensibusque
532 4023 616 4086 punire
640 4023 746 4073 dieentes
762 4038 768 4072 ε
785 4021 944 4087 Adquiescite,
965 4025 990 4069 et
1005 4026 1084 4069 vestro
1107 4034 1222 4069 consensu

160 4101 289 4166 pontificali
301 4102 441 4152 Anastasius
454 4102 559 4152 culmine
571 4103 745 4164 subrogetur.»
764 4102 837 4165 lbid.,
852 4116 874 4150 c.
885 4113 927 4162 xv,
942 4112 996 4160 xvx,
1011 4112 1078 4164 xvxt,
1096 4115 1121 4165 p.
1137 4102 1221 4152 tta-5.

192 4185 215 4232 5.
237 4181 323 4232 nlllioo
334 4182 460 4248 praedictus
470 4183 608 4234 Anastasius
619 4197 770 4244 magnacum
783 4179 931 4246 turpitudine
940 4179 969 4229 de
980 4180 1123 4244 patriarchio
1132 4182 1222 4244 ejectus

163 4267 234 4326 atque
243 4263 354 4327 expulsus
365 4269 409 4312 est.
420 4279 433 4310 n
450 4263 522 4325 told,
537 4277 559 4312 c.
572 4275 649 4326 xvxix,
662 4278 687 4327 p.
703 4265 757 4312 155.
