2944 5060
486 448 679 500 APPENDIX
704 447 815 499 PRIOR

517 699 561 760 ΙΝ
592 699 736 763 CAPUT
765 701 792 762 V

164 864 294 924 Nrconnr
315 861 328 922 l
347 877 389 920 nn
411 859 610 922 Wnruuonaru
633 877 906 922 Anemurrsuorrnu
933 860 1146 926 Sanonnnsuru

287 985 424 1034 nrusoun
447 984 648 1028 conrrscoros
669 985 840 1028 nascanru
859 987 1020 1030 nrrsronu.

165 1129 251 1192 Hanc
281 1128 447 1209 epistolam
480 1127 600 1207 primus
632 1126 731 1190 edidit
762 1128 921 1190 lohannes
956 1131 1122 1193 Gordesius
1154 1133 1186 1194 in

123 1235 305 1318 Appendice
320 1234 523 1315 epistolarum
536 1234 694 1296 ilincmari
703 1234 725 1308 ¹,
742 1233 855 1298 deinde
867 1255 942 1298 vcro
956 1238 1024 1300 Jac.
1038 1237 1186 1301 Sirmond

121 1345 154 1408 iu
170 1341 314 1408 Gcodliis
331 1340 469 1406 cottiae
487 1341 642 1421 Scriptum
654 1359 721 1402 esse
735 1341 817 1403 inter
832 1360 861 1404 a.
878 1343 937 1405 858
954 1346 984 1405 et
998 1343 1057 1408 860
1073 1345 1186 1406 eruditi

125 1447 352 1513 consentiunt³.
375 1447 465 1520 Quod
485 1449 591 1508 autem
612 1449 732 1527 spectat
751 1447 790 1508 ud
811 1448 1049 1529 Herimannum,
1066 1451 1187 1530 episco-

121 1577 198 1640 pum
220 1557 458 1636 Niveruansem‚
477 1556 543 1638 jam
566 1573 673 1618 meuse
689 1555 786 1636 Aprili
805 1573 835 1618 a.
852 1559 911 1618 853
931 1557 1071 1635 synodus
1092 1559 1187 1621 Sues·

122 1665 278 1727 sionensis
296 1666 448 1726 statuerat
466 1665 502 1725 ut
520 1663 557 1741 is,
575 1664 683 1726 oestivo
698 1666 851 1742 tempore,
875 1663 1032 1744 quietum
1052 1666 1188 1727 maxime

121 1772 261 1835 insanire
284 1770 463 1846 videbatur,
482 1769 523 1833 ab
545 1770 714 1850 episcopali
737 1769 909 1832 ministerio
933 1769 1154 1848 prohiberetur
1163 1772 1186 1834 ⁴.

121 1878 213 1952 Quod
236 1877 349 1941 deinde
368 1877 579 1952 interdictum,
601 1894 708 1938 mense
723 1879 864 1956 Augusto
881 1877 1023 1959 ejusdem
1043 1878 1130 1948 anni,
1156 1879 1187 1940 in

121 1986 246 2066 synodo
259 1986 344 2066 apud
357 1985 552 2046 Vsrmeriam
567 1983 686 2056 habita,
702 1983 861 2046 sublatum
876 1988 922 2046 est
933 1984 956 2046 ⁵.

158 2119 292 2176 Nicolaus
304 2117 464 2190 episcopus,
478 2132 575 2172 servus
586 2131 734 2171 servorum
744 2115 806 2185 ltei,
818 2117 1057 2173 reverentissimis
1067 2133 1099 2172 ac
1109 2133 1189 2172 sanc·

121 2207 242 2264 tissimis
262 2206 455 2263 confratribus
473 2205 587 2267 nostris,
613 2203 755 2259 Weniloni
777 2203 938 2260 Scnonensi
961 2205 1188 2278 archispiscopo,

123 2301 154 2354 ct
166 2295 342 2369 coepiscopis
356 2295 428 2368 ejus.

158 2386 316 2458 Epistolam
331 2382 488 2439 sanctitatis
502 2386 613 2449 vestrae,
632 2399 689 2455 qua
708 2385 884 2455 apostolatus
898 2383 989 2438 nostri
1004 2401 1090 2456 super
1102 2401 1188 2440 causa

122 2473 294 2533 florimanni
308 2472 435 2548 episcopi
450 2489 510 2528 uon
524 2472 670 2528 immerito
686 2476 818 2544 expetere
833 2473 980 2529 studuistis
992 2475 1188 2547 responsumi,

122 2567 170 2622 vel
189 2581 247 2638 qua
267 2579 348 2619 moro
364 2561 530 2618 universalis
551 2561 684 2618 Ecclesiae
704 2562 882 2618 auctoritatis
906 2566 1011 2618 uustrae
1030 2562 1190 2635 efflagitare

122 2653 345 2712 instructionem
354 2651 483 2720 curastis,
495 2653 669 2724 accepimus.
683 2651 739 2706 Sed
750 2654 906 2724 antequam
917 2651 954 2706 ad
962 2653 1191 2708 consultavestra

123 2743 233 2801 mentis
253 2743 368 2799 oculum
387 2741 569 2808 inclinemus,
589 2757 746 2813 parumper
766 2741 796 2795 in
819 2741 952 2796 laudibus
973 2742 1073 2797 vestris
1093 2743 1189 2797 stilum

125 2832 371 2906 operaepretium
395 2830 528 2886 duximus
542 2828 774 2898 immorandum
796 2829 845 2902 qui
868 2846 924 2901 quo
948 2829 1027 2884 vobis
1051 2830 1189 2898 eundum,

126 2938 220 2996 quove
232 2921 262 2977 in
277 2922 362 2977 rebus
377 2919 470 2975 dubiis
485 2921 572 2991 atque
587 2918 617 2973 iu
632 2918 746 2990 magnis
767 2913 964 2974 ecclesiasticis
979 2919 1102 2990 negotiis
1117 2925 1190 2974 essct

126 3011 358 3078 accelerandum,
372 3007 532 3065 serenitatis
552 3006 656 3062 visibus
675 3006 856 3078 praevidistis,
876 3006 1090 3081 humilibusque
1105 3008 1189 3065 davo-

124 3099 215 3155 tiouis
229 3102 330 3154 vestrae
342 3085 470 3170 passibus
483 3095 657 3152 cucurristis.
670 3095 776 3150 Contra
786 3095 849 3150 illos
861 3095 1011 3162 nimirum,
1026 3095 1076 3168 qui
1088 3097 1191 3152 beatis-

126 3187 194 3242 simi
206 3189 403 3259 apostolorum
415 3185 554 3258 principis
567 3183 643 3240 Petri
657 3185 776 3255 ejusque
790 3200 986 3239 successorum
1001 3185 1191 3240 luculentissi-

124 3291 207 3331 mam
222 3275 384 3331 doctrinam
407 3273 565 3346 sedcmque
588 3275 763 3344 spernentes,
783 3273 934 3345 quem-Dei
950 3272 1035 3328 Filius
1051 3274 1080 3328 in
1094 3278 1193 3330 sancta

125 3363 254 3420 Ecclesia
267 3381 328 3433 sua,
346 3367 485 3436 tauquam
500 3361 643 3417 luminare
662 3361 756 3432 majus
777 3360 808 3415 in
831 3362 902 3416 coelo
925 3361 1081 3430 constituit,
1105 3363 1193 3418 veluti

128 3451 249 3526 quidam
265 3453 428 3525 scorpiones
445 3450 594 3524 palantes⁷
616 3449 755 3505 incedunt
771 3449 801 3504 in
820 3449 953 3522 meridie,
976 3454 1085 3506 etcum
1100 3451 1192 3507 adhuc

158 3607 182 3656 1.
196 3603 323 3667 optarem
339 3605 364 3652 ct
378 3601 489 3667 epistolar
509 3600 641 3650 Hincmari
662 3600 788 3650 flamensis
807 3601 931 3665 archiep„
952 3599 993 3649 ed.
1008 3600 1031 3650 J.
1047 3601 1192 3664 Corderircr,

126 3683 205 3746 Paris,
222 3685 294 3746 1616,
309 3683 383 3733 in-i⁶.

158 3767 183 3814 2.
197 3765 226 3814 Τ.
243 3764 287 3826 111,
314 3777 339 3827 p.
364 3765 419 3812 161.
435 3761 474 3812 Gt.
498 3761 590 3822 Migne,
612 3765 632 3810 t.
652 3761 738 3824 cxlx,
762 3776 801 3825 ep.
818 3766 841 3824 l,
859 3775 883 3824 p.
899 3761 953 3810 169.
971 3760 1023 3820 ugo
1042 3773 1098 3809 vero
1113 3760 1193 3810 addidi

125 3844 270 3894 lectionesa
285 3843 317 3892 D.
331 3843 448 3893 Coustmt
461 3856 490 3891 ex
503 3841 576 3890 variis
591 3839 714 3889 codicibus
726 3855 798 3890 mscr.
811 3845 927 3903 sumptas.
941 3839 972 3889 V.
988 3839 1113 3889 Analecta
1122 3839 1193 3904 juris

124 3923 263 3990 pontificii,
275 3937 324 3972 sar.
334 3924 366 3983 x,
378 3928 398 3976 t.
413 3923 447 3984 V,
458 3927 521 3986 part.
534 3924 572 3984 2⁸,
586 3934 609 3984 p.
626 3921 665 3972 11.

95 4003 101 4008 ’
159 4005 185 4054 3.
201 4004 233 4052 V.
248 4002 320 4064 reue,
336 4017 362 4053 n.
375 4003 446 4053 2611.

160 4086 185 4134 1.
202 4083 233 4134 V.
246 4083 336 4133 Karoli
344 4082 373 4131 11
385 4082 518 4146 synodum
528 4081 742 4141 Suessionum,
758 4093 780 4128 c.
793 4089 813 4127 11
829 4078 919 4142 (Portu,
932 4078 1018 4142 Lepas,
1029 4083 1047 4127 t.
1060 4078 1079 4140 1,
1091 4093 1114 4142 p.
1128 4077 1193 4142 116).

160 4166 185 4214 5.
202 4163 234 4213 V.
250 4161 344 4213 Karoli
358 4163 386 4211 ll
396 4162 527 4226 synodum
538 4161 610 4225 apud
625 4160 780 4212 Vermcriom
796 4159 886 4224 (Perta,
902 4157 972 4218 ibid,
986 4172 1011 4221 p.
1026 4159 1093 4219 lat).

158 4245 184 4293 6.
201 4242 233 4293 V.
247 4256 330 4305 supra,
344 4256 370 4306 p.
387 4243 441 4305 131,
454 4241 480 4290 iu
494 4255 520 4291 u.
534 4242 558 4290 1.

162 4325 185 4374 1.
203 4320 350 4390 Potpcntes,
364 4335 403 4388 ep.
420 4322 534 4372 Cousmnt
548 4319 692 4386 (Aoobcto,
703 4317 719 4368 l.
731 4319 775 4380 c).
