<?xml version="1.0" encoding="UTF-8"?>
<!DOCTYPE html PUBLIC "-//W3C//DTD XHTML 1.0 Transitional//EN"
    "http://www.w3.org/TR/xhtml1/DTD/xhtml1-transitional.dtd">
<html xmlns="http://www.w3.org/1999/xhtml" xml:lang="en" lang="en">
 <head>
  <title>
</title>
<meta http-equiv="Content-Type" content="text/html;charset=utf-8" />
  <meta name='ocr-system' content='tesseract 3.04.00' />
  <meta name='ocr-capabilities' content='ocr_page ocr_carea ocr_par ocr_line ocrx_word'/>
</head>
<body>
  <div class='ocr_page' id='page_1' title='image "./deanastasiobibl00lapgoog_0294.png"; bbox 0 0 2944 5060; ppageno 0'>
   <div class='ocr_carea' id='block_1_1' title="bbox 373 451 1216 504">
    <p class='ocr_par' dir='ltr' id='par_1_1' title="bbox 373 451 1216 504">
     <span class='ocr_line' id='line_1_1' title="bbox 373 451 1216 504; baseline 0 0"><span class='ocrx_word' id='word_1_1' title='bbox 373 451 527 504; x_wconf 66' lang='lat' dir='ltr'><strong>burlun</strong></span> <span class='ocrx_word' id='word_1_2' title='bbox 549 452 749 504; x_wconf 75' lang='lat' dir='ltr'><strong>sussrusll</strong></span> <span class='ocrx_word' id='word_1_3' title='bbox 775 453 995 504; x_wconf 78' lang='lat' dir='ltr'><strong>PALINODIAE</strong></span> <span class='ocrx_word' id='word_1_4' title='bbox 1170 455 1216 504; x_wconf 87' lang='grc'><strong>281</strong></span> 
     </span>
    </p>
   </div>
   <div class='ocr_carea' id='block_1_2' title="bbox 148 594 1217 1849">
    <p class='ocr_par' dir='ltr' id='par_1_2' title="bbox 148 594 1215 1247">
     <span class='ocr_line' id='line_1_2' title="bbox 198 594 1211 685; baseline 0 -21"><span class='ocrx_word' id='word_1_5' title='bbox 198 596 248 664; x_wconf 91' lang='lat' dir='ltr'><strong>Ita</strong></span> <span class='ocrx_word' id='word_1_6' title='bbox 264 596 454 666; x_wconf 77' lang='lat' dir='ltr'>Anastasius</span> <span class='ocrx_word' id='word_1_7' title='bbox 467 595 616 685; x_wconf 74' lang='lat' dir='ltr'>sperabat</span> <span class='ocrx_word' id='word_1_8' title='bbox 628 594 696 666; x_wconf 89' lang='lat' dir='ltr'><strong>fore</strong></span> <span class='ocrx_word' id='word_1_9' title='bbox 710 605 745 664; x_wconf 93' lang='lat' dir='ltr'><strong>ut</strong></span> <span class='ocrx_word' id='word_1_10' title='bbox 755 596 1013 684; x_wconf 88' lang='lat' dir='ltr'><strong>archiepiscopus</strong></span> <span class='ocrx_word' id='word_1_11' title='bbox 1030 596 1211 684; x_wconf 81' lang='lat' dir='ltr'><strong>flamensis,</strong></span> 
     </span>
     <span class='ocr_line' id='line_1_3' title="bbox 150 711 1211 801; baseline 0 -20"><span class='ocrx_word' id='word_1_12' title='bbox 150 711 216 781; x_wconf 91' lang='lat' dir='ltr'><strong>hoo</strong></span> <span class='ocrx_word' id='word_1_13' title='bbox 236 734 318 782; x_wconf 92' lang='lat' dir='ltr'><strong>novo</strong></span> <span class='ocrx_word' id='word_1_14' title='bbox 334 711 502 781; x_wconf 88' lang='lat' dir='ltr'><strong>devinctus</strong></span> <span class='ocrx_word' id='word_1_15' title='bbox 523 711 639 801; x_wconf 87' lang='lat' dir='ltr'><strong>officio,</strong></span> <span class='ocrx_word' id='word_1_16' title='bbox 658 723 780 781; x_wconf 87' lang='lat' dir='ltr'><strong>veteres</strong></span> <span class='ocrx_word' id='word_1_17' title='bbox 803 712 941 801; x_wconf 88' lang='lat' dir='ltr'><strong>injurias</strong></span> <span class='ocrx_word' id='word_1_18' title='bbox 956 711 1211 781; x_wconf 88' lang='lat' dir='ltr'><strong>oblivisceretur.</strong></span> 
     </span>
     <span class='ocr_line' id='line_1_4' title="bbox 150 827 1211 917; baseline -0.001 -20"><span class='ocrx_word' id='word_1_19' title='bbox 150 829 260 911; x_wconf 87' lang='lat' dir='ltr'><strong>Quam</strong></span> <span class='ocrx_word' id='word_1_20' title='bbox 276 849 367 917; x_wconf 90' lang='lat' dir='ltr'><strong>spem</strong></span> <span class='ocrx_word' id='word_1_21' title='bbox 381 850 449 897; x_wconf 92' lang='lat' dir='ltr'><strong>non</strong></span> <span class='ocrx_word' id='word_1_22' title='bbox 462 827 580 898; x_wconf 88' lang='lat' dir='ltr'><strong>frustra</strong></span> <span class='ocrx_word' id='word_1_23' title='bbox 590 829 724 897; x_wconf 88' lang='lat' dir='ltr'><strong>omnino</strong></span> <span class='ocrx_word' id='word_1_24' title='bbox 736 828 835 897; x_wconf 90' lang='lat' dir='ltr'><strong>fuisse</strong></span> <span class='ocrx_word' id='word_1_25' title='bbox 851 849 889 897; x_wconf 85' lang='lat' dir='ltr'><strong>ex</strong></span> <span class='ocrx_word' id='word_1_26' title='bbox 902 830 963 896; x_wconf 93' lang='lat' dir='ltr'><strong>hoo</strong></span> <span class='ocrx_word' id='word_1_27' title='bbox 979 828 1211 915; x_wconf 85' lang='lat' dir='ltr'><strong>colligerelicet</strong></span> 
     </span>
     <span class='ocr_line' id='line_1_5' title="bbox 149 945 1213 1033; baseline 0 -21"><span class='ocrx_word' id='word_1_28' title='bbox 149 945 242 1033; x_wconf 91' lang='lat' dir='ltr'><strong>quod</strong></span> <span class='ocrx_word' id='word_1_29' title='bbox 255 945 465 1033; x_wconf 88' lang='lat' dir='ltr'><strong>Hiucmarus,</strong></span> <span class='ocrx_word' id='word_1_30' title='bbox 482 945 523 1013; x_wconf 89' lang='lat' dir='ltr'><strong>ah</strong></span> <span class='ocrx_word' id='word_1_31' title='bbox 542 945 597 1012; x_wconf 95' lang='lat' dir='ltr'><strong>illo</strong></span> <span class='ocrx_word' id='word_1_32' title='bbox 610 954 768 1032; x_wconf 89' lang='lat' dir='ltr'><strong>tempore,</strong></span> <span class='ocrx_word' id='word_1_33' title='bbox 795 965 861 1013; x_wconf 89' lang='lat' dir='ltr'><strong>non</strong></span> <span class='ocrx_word' id='word_1_34' title='bbox 878 945 949 1012; x_wconf 91' lang='lat' dir='ltr'><strong>dico</strong></span> <span class='ocrx_word' id='word_1_35' title='bbox 965 945 1129 1014; x_wconf 90' lang='lat' dir='ltr'><strong>Anastasii</strong></span> <span class='ocrx_word' id='word_1_36' title='bbox 1146 966 1213 1012; x_wconf 91' lang='lat' dir='ltr'><strong>mo·</strong></span> 
     </span>
     <span class='ocr_line' id='line_1_6' title="bbox 148 1059 1215 1150; baseline -0.002 -20"><span class='ocrx_word' id='word_1_37' title='bbox 148 1060 246 1130; x_wconf 87' lang='lat' dir='ltr'><strong>ribus</strong></span> <span class='ocrx_word' id='word_1_38' title='bbox 258 1063 320 1150; x_wconf 90' lang='lat' dir='ltr'><strong>(res</strong></span> <span class='ocrx_word' id='word_1_39' title='bbox 333 1070 402 1130; x_wconf 89' lang='lat' dir='ltr'><strong>erat</strong></span> <span class='ocrx_word' id='word_1_40' title='bbox 416 1059 604 1150; x_wconf 88' lang='lat' dir='ltr'><strong>difficilior),</strong></span> <span class='ocrx_word' id='word_1_41' title='bbox 618 1060 674 1130; x_wconf 91' lang='lat' dir='ltr'><strong>sed</strong></span> <span class='ocrx_word' id='word_1_42' title='bbox 688 1060 830 1130; x_wconf 80' lang='lat' dir='ltr'><strong>scientia</strong></span> <span class='ocrx_word' id='word_1_43' title='bbox 843 1060 955 1130; x_wconf 89' lang='lat' dir='ltr'><strong>laudes</strong></span> <span class='ocrx_word' id='word_1_44' title='bbox 970 1082 1037 1129; x_wconf 89' lang='lat' dir='ltr'><strong>non</strong></span> <span class='ocrx_word' id='word_1_45' title='bbox 1051 1060 1215 1130; x_wconf 86' lang='lat' dir='ltr'><strong>dubitavit</strong></span> 
     </span>
     <span class='ocr_line' id='line_1_7' title="bbox 149 1175 333 1247; baseline -0.005 0"><span class='ocrx_word' id='word_1_46' title='bbox 149 1175 333 1247; x_wconf 89' lang='lat' dir='ltr'><strong>tribuare¹.</strong></span> 
     </span>
    </p>

    <p class='ocr_par' dir='ltr' id='par_1_3' title="bbox 149 1291 1217 1849">
     <span class='ocr_line' id='line_1_8' title="bbox 158 1291 1215 1382; baseline -0.004 -16"><span class='ocrx_word' id='word_1_47' title='bbox 158 1359 161 1366; x_wconf 87' lang='lat'><strong>.</strong></span> <span class='ocrx_word' id='word_1_48' title='bbox 198 1291 259 1361; x_wconf 94' lang='grc'><strong>111.</strong></span> <span class='ocrx_word' id='word_1_49' title='bbox 284 1292 361 1362; x_wconf 84' lang='grc' dir='ltr'><strong>Η66</strong></span> <span class='ocrx_word' id='word_1_50' title='bbox 375 1294 470 1362; x_wconf 86' lang='grc'><strong>66616</strong></span> <span class='ocrx_word' id='word_1_51' title='bbox 485 1294 548 1361; x_wconf 97' lang='grc'><strong>876</strong></span> <span class='ocrx_word' id='word_1_52' title='bbox 561 1302 593 1362; x_wconf 90' lang='lat' dir='ltr'><strong>et</strong></span> <span class='ocrx_word' id='word_1_53' title='bbox 604 1294 681 1362; x_wconf 90' lang='grc'><strong>877.</strong></span> <span class='ocrx_word' id='word_1_54' title='bbox 698 1293 743 1361; x_wconf 90' lang='lat' dir='ltr'><strong>At</strong></span> <span class='ocrx_word' id='word_1_55' title='bbox 756 1314 843 1362; x_wconf 89' lang='lat' dir='ltr'><strong>auno</strong></span> <span class='ocrx_word' id='word_1_56' title='bbox 854 1302 1008 1382; x_wconf 89' lang='lat' dir='ltr'><strong>sequente</strong></span> <span class='ocrx_word' id='word_1_57' title='bbox 1019 1291 1215 1362; x_wconf 80' lang='lat' dir='ltr'><strong>Anastasius</strong></span> 
     </span>
     <span class='ocr_line' id='line_1_9' title="bbox 149 1409 1045 1498; baseline -0.001 -19"><span class='ocrx_word' id='word_1_58' title='bbox 149 1409 279 1479; x_wconf 79' lang='lat' dir='ltr'><strong>ultima</strong></span> <span class='ocrx_word' id='word_1_59' title='bbox 292 1409 513 1497; x_wconf 84' lang='lat' dir='ltr'><strong>graviorisque</strong></span> <span class='ocrx_word' id='word_1_60' title='bbox 524 1410 695 1497; x_wconf 82' lang='lat' dir='ltr'><strong>palinodia</strong></span> <span class='ocrx_word' id='word_1_61' title='bbox 709 1411 929 1498; x_wconf 88' lang='lat' dir='ltr'><strong>spectaculum</strong></span> <span class='ocrx_word' id='word_1_62' title='bbox 944 1409 1045 1478; x_wconf 82' lang='lat' dir='ltr'><strong>dedit.</strong></span> 
     </span>
     <span class='ocr_line' id='line_1_10' title="bbox 198 1525 1216 1615; baseline 0 -21"><span class='ocrx_word' id='word_1_63' title='bbox 198 1525 364 1594; x_wconf 81' lang='lat' dir='ltr'><strong>lohannes</strong></span> <span class='ocrx_word' id='word_1_64' title='bbox 378 1525 468 1594; x_wconf 89' lang='lat' dir='ltr'><strong>anim</strong></span> <span class='ocrx_word' id='word_1_65' title='bbox 480 1547 563 1614; x_wconf 88' lang='lat' dir='ltr'><strong>papa</strong></span> <span class='ocrx_word' id='word_1_66' title='bbox 573 1525 665 1613; x_wconf 92' lang='lat' dir='ltr'><strong>VIlI,</strong></span> <span class='ocrx_word' id='word_1_67' title='bbox 681 1525 858 1614; x_wconf 86' lang='grc'><strong>6666879,</strong></span> <span class='ocrx_word' id='word_1_68' title='bbox 872 1525 914 1593; x_wconf 93' lang='lat' dir='ltr'><strong>oh</strong></span> <span class='ocrx_word' id='word_1_69' title='bbox 929 1545 983 1594; x_wconf 90' lang='lat' dir='ltr'><strong>eas</strong></span> <span class='ocrx_word' id='word_1_70' title='bbox 995 1545 1108 1595; x_wconf 80' lang='lat' dir='ltr'><strong>causas</strong></span> <span class='ocrx_word' id='word_1_71' title='bbox 1121 1547 1216 1615; x_wconf 89' lang='lat' dir='ltr'><strong>quas,</strong></span> 
     </span>
     <span class='ocr_line' id='line_1_11' title="bbox 151 1641 1216 1730; baseline 0 -20"><span class='ocrx_word' id='word_1_72' title='bbox 151 1642 357 1711; x_wconf 87' lang='lat' dir='ltr'><strong>deFormoso</strong></span> <span class='ocrx_word' id='word_1_73' title='bbox 367 1641 635 1730; x_wconf 90' lang='lat' dir='ltr'><strong>scribens,multa</strong></span> <span class='ocrx_word' id='word_1_74' title='bbox 643 1641 859 1729; x_wconf 89' lang='lat' dir='ltr'><strong>disputatione</strong></span> <span class='ocrx_word' id='word_1_75' title='bbox 867 1641 1050 1729; x_wconf 76' lang='lat' dir='ltr'><strong>proposui²‚</strong></span> <span class='ocrx_word' id='word_1_76' title='bbox 1060 1642 1216 1711; x_wconf 92' lang='lat' dir='ltr'><strong>Photium</strong></span> 
     </span>
     <span class='ocr_line' id='line_1_12' title="bbox 149 1757 1217 1849; baseline -0.002 -21"><span class='ocrx_word' id='word_1_77' title='bbox 149 1758 190 1828; x_wconf 86' lang='lat' dir='ltr'><strong>in</strong></span> <span class='ocrx_word' id='word_1_78' title='bbox 207 1758 319 1828; x_wconf 90' lang='lat' dir='ltr'><strong>sedem</strong></span> <span class='ocrx_word' id='word_1_79' title='bbox 329 1757 557 1847; x_wconf 71' lang='lat' dir='ltr'><strong>Byzantium,</strong></span> <span class='ocrx_word' id='word_1_80' title='bbox 573 1768 703 1826; x_wconf 89' lang='lat' dir='ltr'><strong>mortuo</strong></span> <span class='ocrx_word' id='word_1_81' title='bbox 715 1757 877 1846; x_wconf 80' lang='lat' dir='ltr'><strong>Ignatio³‚</strong></span> <span class='ocrx_word' id='word_1_82' title='bbox 897 1759 1084 1827; x_wconf 88' lang='lat' dir='ltr'><strong>restitutum</strong></span> <span class='ocrx_word' id='word_1_83' title='bbox 1100 1780 1217 1849; x_wconf 86' lang='lat' dir='ltr'><strong>appro-</strong></span> 
     </span>
    </p>
   </div>
   <div class='ocr_carea' id='block_1_3' title="bbox 115 2006 1219 4400">
    <p class='ocr_par' dir='ltr' id='par_1_4' title="bbox 148 2006 1218 2636">
     <span class='ocr_line' id='line_1_13' title="bbox 148 2006 1218 2078; baseline 0.002 -22"><span class='ocrx_word' id='word_1_84' title='bbox 148 2021 216 2076; x_wconf 85' lang='lat' dir='ltr'><strong>papa</strong></span> <span class='ocrx_word' id='word_1_85' title='bbox 229 2021 272 2071; x_wconf 91' lang='lat' dir='ltr'><strong>pro</strong></span> <span class='ocrx_word' id='word_1_86' title='bbox 282 2006 430 2058; x_wconf 80' lang='lat' dir='ltr'><strong>monastario</strong></span> <span class='ocrx_word' id='word_1_87' title='bbox 444 2008 472 2059; x_wconf 89' lang='lat' dir='ltr'><strong>S.</strong></span> <span class='ocrx_word' id='word_1_88' title='bbox 482 2006 591 2058; x_wconf 86' lang='lat' dir='ltr'><strong>Madardi</strong></span> <span class='ocrx_word' id='word_1_89' title='bbox 605 2007 782 2058; x_wconf 82' lang='lat' dir='ltr'><strong>suessionensis</strong></span> <span class='ocrx_word' id='word_1_90' title='bbox 791 2007 909 2078; x_wconf 75' lang='lat' dir='ltr'><strong>obtinuit:</strong></span> <span class='ocrx_word' id='word_1_91' title='bbox 926 2007 1067 2072; x_wconf 87' lang='lat' dir='ltr'><strong>quasatiam</strong></span> <span class='ocrx_word' id='word_1_92' title='bbox 1080 2007 1218 2058; x_wconf 75' lang='lat' dir='ltr'><strong>Anastasius</strong></span> 
     </span>
     <span class='ocr_line' id='line_1_14' title="bbox 150 2087 1218 2142; baseline 0.005 -6"><span class='ocrx_word' id='word_1_93' title='bbox 150 2087 350 2138; x_wconf 89' lang='lat' dir='ltr'><strong>bibliothecarius</strong></span> <span class='ocrx_word' id='word_1_94' title='bbox 372 2102 387 2136; x_wconf 88' lang='lat' dir='ltr'><strong>a</strong></span> <span class='ocrx_word' id='word_1_95' title='bbox 406 2087 539 2138; x_wconf 88' lang='lat' dir='ltr'><strong>sedandas</strong></span> <span class='ocrx_word' id='word_1_96' title='bbox 557 2087 642 2138; x_wconf 82' lang='grc'><strong>666666</strong></span> <span class='ocrx_word' id='word_1_97' title='bbox 659 2088 821 2138; x_wconf 77' lang='lat' dir='ltr'><strong>assentatione</strong></span> <span class='ocrx_word' id='word_1_98' title='bbox 841 2088 942 2138; x_wconf 87' lang='lat' dir='ltr'><strong>curarit.</strong></span> <span class='ocrx_word' id='word_1_99' title='bbox 962 2087 994 2137; x_wconf 90' lang='lat' dir='ltr'><strong>V.</strong></span> <span class='ocrx_word' id='word_1_100' title='bbox 1019 2087 1136 2138; x_wconf 87' lang='lat' dir='ltr'><strong>Johanuis</strong></span> <span class='ocrx_word' id='word_1_101' title='bbox 1158 2091 1218 2142; x_wconf 92' lang='lat' dir='ltr'><strong>Vlll</strong></span> 
     </span>
     <span class='ocr_line' id='line_1_15' title="bbox 148 2168 1215 2234; baseline -0.002 -14"><span class='ocrx_word' id='word_1_102' title='bbox 148 2169 235 2233; x_wconf 82' lang='lat' dir='ltr'><strong>Epist.</strong></span> <span class='ocrx_word' id='word_1_103' title='bbox 246 2168 283 2218; x_wconf 86' lang='grc'><strong>66</strong></span> <span class='ocrx_word' id='word_1_104' title='bbox 299 2168 530 2234; x_wconf 77' lang='lat' dir='ltr'><strong>Conprepationam</strong></span> <span class='ocrx_word' id='word_1_105' title='bbox 547 2168 574 2217; x_wconf 91' lang='lat' dir='ltr'><strong>S.</strong></span> <span class='ocrx_word' id='word_1_106' title='bbox 587 2168 709 2218; x_wconf 82' lang='lat' dir='ltr'><strong>Medardi</strong></span> <span class='ocrx_word' id='word_1_107' title='bbox 722 2168 825 2232; x_wconf 75' lang='lat' dir='ltr'><strong>(iligna,</strong></span> <span class='ocrx_word' id='word_1_108' title='bbox 839 2174 859 2218; x_wconf 87' lang='lat' dir='ltr'><strong>t.</strong></span> <span class='ocrx_word' id='word_1_109' title='bbox 874 2168 984 2233; x_wconf 82' lang='lat' dir='ltr'><strong>CXXVI,</strong></span> <span class='ocrx_word' id='word_1_110' title='bbox 999 2183 1025 2233; x_wconf 87' lang='lat' dir='ltr'><strong>p.</strong></span> <span class='ocrx_word' id='word_1_111' title='bbox 1040 2171 1084 2219; x_wconf 89' lang='grc'><strong>662</strong></span> <span class='ocrx_word' id='word_1_112' title='bbox 1099 2169 1215 2231; x_wconf 79' lang='grc' dir='ltr'><strong>Β;1666,</strong></span> 
     </span>
     <span class='ocr_line' id='line_1_16' title="bbox 149 2247 1216 2314; baseline 0.002 -16"><span class='ocrx_word' id='word_1_113' title='bbox 149 2264 178 2300; x_wconf 91' lang='grc'><strong>6.</strong></span> <span class='ocrx_word' id='word_1_114' title='bbox 201 2248 283 2314; x_wconf 88' lang='grc'><strong>3633).</strong></span> <span class='ocrx_word' id='word_1_115' title='bbox 304 2248 373 2298; x_wconf 88' lang='lat' dir='ltr'><strong>idem</strong></span> <span class='ocrx_word' id='word_1_116' title='bbox 393 2247 522 2298; x_wconf 89' lang='lat' dir='ltr'><strong>dicendum</strong></span> <span class='ocrx_word' id='word_1_117' title='bbox 538 2247 635 2298; x_wconf 79' lang='lat' dir='ltr'><strong>ridetur</strong></span> <span class='ocrx_word' id='word_1_118' title='bbox 655 2248 684 2298; x_wconf 91' lang='lat' dir='ltr'><strong>de</strong></span> <span class='ocrx_word' id='word_1_119' title='bbox 708 2248 748 2298; x_wconf 93' lang='lat' dir='ltr'><strong>illo</strong></span> <span class='ocrx_word' id='word_1_120' title='bbox 771 2248 907 2313; x_wconf 75' lang='lat' dir='ltr'><strong>Prtua&#39;lepio</strong></span> <span class='ocrx_word' id='word_1_121' title='bbox 927 2249 990 2314; x_wconf 89' lang='lat' dir='ltr'><strong>quod</strong></span> <span class='ocrx_word' id='word_1_122' title='bbox 1010 2249 1131 2299; x_wconf 80' lang='lat' dir='ltr'><strong>lohannes</strong></span> <span class='ocrx_word' id='word_1_123' title='bbox 1148 2251 1216 2313; x_wconf 82' lang='lat' dir='ltr'><strong>vul,</strong></span> 
     </span>
     <span class='ocr_line' id='line_1_17' title="bbox 150 2328 1216 2394; baseline 0 -14"><span class='ocrx_word' id='word_1_124' title='bbox 150 2328 233 2380; x_wconf 85' lang='lat' dir='ltr'><strong>Caroli</strong></span> <span class='ocrx_word' id='word_1_125' title='bbox 254 2328 323 2380; x_wconf 77' lang='lat' dir='ltr'><strong>Calvi</strong></span> <span class='ocrx_word' id='word_1_126' title='bbox 346 2328 490 2391; x_wconf 77' lang='lat' dir='ltr'><strong>efflagitatu,</strong></span> <span class='ocrx_word' id='word_1_127' title='bbox 517 2329 661 2378; x_wconf 88' lang='lat' dir='ltr'><strong>monasterio</strong></span> <span class='ocrx_word' id='word_1_128' title='bbox 683 2329 710 2380; x_wconf 90' lang='lat' dir='ltr'><strong>S.</strong></span> <span class='ocrx_word' id='word_1_129' title='bbox 730 2329 831 2379; x_wconf 86' lang='lat' dir='ltr'><strong>Vadasti</strong></span> <span class='ocrx_word' id='word_1_130' title='bbox 855 2329 940 2379; x_wconf 81' lang='grc'><strong>666666</strong></span> <span class='ocrx_word' id='word_1_131' title='bbox 957 2335 1066 2394; x_wconf 75' lang='lat' dir='ltr'><strong>tempora</strong></span> <span class='ocrx_word' id='word_1_132' title='bbox 1083 2330 1216 2388; x_wconf 70' lang='lat' dir='ltr'><strong>concasslta</strong></span> 
     </span>
     <span class='ocr_line' id='line_1_18' title="bbox 150 2408 1217 2475; baseline -0.001 -15"><span class='ocrx_word' id='word_1_133' title='bbox 150 2411 223 2473; x_wconf 86' lang='lat' dir='ltr'><strong>cujus</strong></span> <span class='ocrx_word' id='word_1_134' title='bbox 234 2409 259 2458; x_wconf 92' lang='lat' dir='ltr'><strong>in</strong></span> <span class='ocrx_word' id='word_1_135' title='bbox 273 2408 388 2471; x_wconf 81' lang='lat' dir='ltr'><strong>clausula,</strong></span> <span class='ocrx_word' id='word_1_136' title='bbox 404 2424 477 2475; x_wconf 90' lang='lat' dir='ltr'><strong>quam</strong></span> <span class='ocrx_word' id='word_1_137' title='bbox 491 2409 602 2459; x_wconf 83' lang='lat' dir='ltr'><strong>vitiosam</strong></span> <span class='ocrx_word' id='word_1_138' title='bbox 616 2409 701 2458; x_wconf 85' lang='lat' dir='ltr'><strong>eruditi</strong></span> <span class='ocrx_word' id='word_1_139' title='bbox 717 2415 780 2459; x_wconf 89' lang='lat' dir='ltr'><strong>recte</strong></span> <span class='ocrx_word' id='word_1_140' title='bbox 794 2410 931 2460; x_wconf 87' lang='lat' dir='ltr'><strong>existimant</strong></span> <span class='ocrx_word' id='word_1_141' title='bbox 946 2409 1025 2473; x_wconf 79' lang='lat' dir='ltr'><strong>(Jafid,</strong></span> <span class='ocrx_word' id='word_1_142' title='bbox 1039 2424 1063 2461; x_wconf 94' lang='grc'><strong>6.</strong></span> <span class='ocrx_word' id='word_1_143' title='bbox 1079 2409 1161 2474; x_wconf 88' lang='grc'><strong>3622),</strong></span> <span class='ocrx_word' id='word_1_144' title='bbox 1176 2424 1217 2475; x_wconf 88' lang='lat' dir='ltr'><strong>pro</strong></span> 
     </span>
     <span class='ocr_line' id='line_1_19' title="bbox 151 2489 1216 2556; baseline 0.002 -14"><span class='ocrx_word' id='word_1_145' title='bbox 151 2490 300 2556; x_wconf 71' lang='lat' dir='ltr'><strong>aAuastasii</strong></span> <span class='ocrx_word' id='word_1_146' title='bbox 318 2490 497 2555; x_wconf 77' lang='lat' dir='ltr'><strong>primiscriniis</strong></span> <span class='ocrx_word' id='word_1_147' title='bbox 515 2489 644 2552; x_wconf 75' lang='lat' dir='ltr'><strong>legendum</strong></span> <span class='ocrx_word' id='word_1_148' title='bbox 663 2505 716 2540; x_wconf 88' lang='lat' dir='ltr'><strong>assa</strong></span> <span class='ocrx_word' id='word_1_149' title='bbox 738 2490 820 2554; x_wconf 87' lang='lat' dir='ltr'><strong>opinor</strong></span> <span class='ocrx_word' id='word_1_150' title='bbox 839 2491 984 2542; x_wconf 80' lang='lat' dir='ltr'><strong>«Anastasii</strong></span> <span class='ocrx_word' id='word_1_151' title='bbox 1006 2489 1179 2541; x_wconf 82' lang='lat' dir='ltr'><strong>bibliothecarii</strong></span> <span class='ocrx_word' id='word_1_152' title='bbox 1190 2508 1216 2544; x_wconf 79' lang='lat' dir='ltr'><strong>a.</strong></span> 
     </span>
     <span class='ocr_line' id='line_1_20' title="bbox 150 2569 540 2636; baseline 0.003 -16"><span class='ocrx_word' id='word_1_153' title='bbox 150 2571 198 2636; x_wconf 89' lang='lat' dir='ltr'><strong>(V.</strong></span> <span class='ocrx_word' id='word_1_154' title='bbox 214 2570 306 2631; x_wconf 73' lang='lat' dir='ltr'><strong>iligna,</strong></span> <span class='ocrx_word' id='word_1_155' title='bbox 322 2569 391 2632; x_wconf 81' lang='lat' dir='ltr'><strong>ibid,</strong></span> <span class='ocrx_word' id='word_1_156' title='bbox 406 2585 431 2635; x_wconf 90' lang='lat' dir='ltr'><strong>p.</strong></span> <span class='ocrx_word' id='word_1_157' title='bbox 442 2573 488 2622; x_wconf 87' lang='grc'><strong>659</strong></span> <span class='ocrx_word' id='word_1_158' title='bbox 501 2570 540 2634; x_wconf 87' lang='lat' dir='ltr'><strong>C.)</strong></span> 
     </span>
    </p>

    <p class='ocr_par' dir='ltr' id='par_1_5' title="bbox 148 2649 1219 4159">
     <span class='ocr_line' id='line_1_21' title="bbox 185 2649 1218 2714; baseline 0.002 -15"><span class='ocrx_word' id='word_1_159' title='bbox 185 2652 209 2699; x_wconf 90' lang='grc'><strong>1.</strong></span> <span class='ocrx_word' id='word_1_160' title='bbox 224 2650 329 2712; x_wconf 80' lang='lat' dir='ltr'><strong>Etenim,</strong></span> <span class='ocrx_word' id='word_1_161' title='bbox 348 2664 370 2700; x_wconf 94' lang='lat' dir='ltr'><strong>a.</strong></span> <span class='ocrx_word' id='word_1_162' title='bbox 392 2653 447 2714; x_wconf 88' lang='grc'><strong>876,</strong></span> <span class='ocrx_word' id='word_1_163' title='bbox 466 2652 611 2701; x_wconf 87' lang='lat' dir='ltr'><strong>Hincmarus</strong></span> <span class='ocrx_word' id='word_1_164' title='bbox 623 2649 707 2702; x_wconf 87' lang='lat' dir='ltr'><strong>Carolo</strong></span> <span class='ocrx_word' id='word_1_165' title='bbox 721 2650 793 2702; x_wconf 81' lang='lat' dir='ltr'><strong>Calvo</strong></span> <span class='ocrx_word' id='word_1_166' title='bbox 807 2651 921 2714; x_wconf 90' lang='lat' dir='ltr'><strong>scribens,</strong></span> <span class='ocrx_word' id='word_1_167' title='bbox 934 2651 1017 2701; x_wconf 86' lang='lat' dir='ltr'><strong>Vitam</strong></span> <span class='ocrx_word' id='word_1_168' title='bbox 1031 2650 1218 2703; x_wconf 85' lang='lat' dir='ltr'><strong>Pseudo-Areo-</strong></span> 
     </span>
     <span class='ocr_line' id='line_1_22' title="bbox 150 2729 1217 2796; baseline 0.001 -16"><span class='ocrx_word' id='word_1_169' title='bbox 150 2731 243 2796; x_wconf 75' lang='lat' dir='ltr'><strong>pagiua</strong></span> <span class='ocrx_word' id='word_1_170' title='bbox 263 2729 293 2778; x_wconf 91' lang='lat' dir='ltr'><strong>ab</strong></span> <span class='ocrx_word' id='word_1_171' title='bbox 314 2730 440 2780; x_wconf 87' lang='lat' dir='ltr'><strong>Anastasio</strong></span> <span class='ocrx_word' id='word_1_172' title='bbox 467 2729 540 2781; x_wconf 89' lang='lat' dir='ltr'><strong>latine</strong></span> <span class='ocrx_word' id='word_1_173' title='bbox 568 2731 708 2780; x_wconf 84' lang='lat' dir='ltr'><strong>translatam</strong></span> <span class='ocrx_word' id='word_1_174' title='bbox 730 2731 768 2780; x_wconf 91' lang='lat' dir='ltr'><strong>his</strong></span> <span class='ocrx_word' id='word_1_175' title='bbox 789 2732 869 2781; x_wconf 82' lang='lat' dir='ltr'><strong>verbis</strong></span> <span class='ocrx_word' id='word_1_176' title='bbox 890 2730 1015 2781; x_wconf 78' lang='lat' dir='ltr'><strong>laudavit:</strong></span> <span class='ocrx_word' id='word_1_177' title='bbox 1035 2733 1134 2784; x_wconf 76' lang='lat' dir='ltr'><strong>«Lecta</strong></span> <span class='ocrx_word' id='word_1_178' title='bbox 1154 2731 1217 2781; x_wconf 92' lang='lat' dir='ltr'><strong>beati</strong></span> 
     </span>
     <span class='ocr_line' id='line_1_23' title="bbox 150 2809 1219 2876; baseline -0.001 -14"><span class='ocrx_word' id='word_1_179' title='bbox 150 2809 262 2874; x_wconf 75' lang='lat' dir='ltr'><strong>Dionysii</strong></span> <span class='ocrx_word' id='word_1_180' title='bbox 273 2810 386 2860; x_wconf 88' lang='lat' dir='ltr'><strong>Passione</strong></span> <span class='ocrx_word' id='word_1_181' title='bbox 400 2825 415 2859; x_wconf 92' lang='lat' dir='ltr'><strong>a</strong></span> <span class='ocrx_word' id='word_1_182' title='bbox 428 2810 550 2862; x_wconf 81' lang='lat' dir='ltr'><strong>Methodio</strong></span> <span class='ocrx_word' id='word_1_183' title='bbox 564 2811 792 2876; x_wconf 83' lang='lat' dir='ltr'><strong>Constantinopolim</strong></span> <span class='ocrx_word' id='word_1_184' title='bbox 803 2813 879 2862; x_wconf 82' lang='lat' dir='ltr'><strong>Roma</strong></span> <span class='ocrx_word' id='word_1_185' title='bbox 890 2811 980 2861; x_wconf 87' lang='lat' dir='ltr'><strong>directo</strong></span> <span class='ocrx_word' id='word_1_186' title='bbox 995 2813 1075 2861; x_wconf 80' lang='lat' dir='ltr'><strong>Graes</strong></span> <span class='ocrx_word' id='word_1_187' title='bbox 1085 2811 1181 2875; x_wconf 84' lang='lat' dir='ltr'><strong>dictata,</strong></span> <span class='ocrx_word' id='word_1_188' title='bbox 1193 2819 1219 2861; x_wconf 87' lang='lat' dir='ltr'><strong>et</strong></span> 
     </span>
     <span class='ocr_line' id='line_1_24' title="bbox 149 2890 1218 2956; baseline 0.001 -17"><span class='ocrx_word' id='word_1_189' title='bbox 149 2890 183 2939; x_wconf 90' lang='lat' dir='ltr'><strong>ab</strong></span> <span class='ocrx_word' id='word_1_190' title='bbox 197 2890 324 2940; x_wconf 88' lang='lat' dir='ltr'><strong>Anastasio</strong></span> <span class='ocrx_word' id='word_1_191' title='bbox 345 2890 470 2955; x_wconf 85' lang='lat' dir='ltr'><strong>utriusque</strong></span> <span class='ocrx_word' id='word_1_192' title='bbox 489 2890 578 2953; x_wconf 75' lang='lat' dir='ltr'><strong>lingua</strong></span> <span class='ocrx_word' id='word_1_193' title='bbox 595 2891 673 2954; x_wconf 86' lang='lat' dir='ltr'><strong>perito</strong></span> <span class='ocrx_word' id='word_1_194' title='bbox 693 2899 718 2942; x_wconf 89' lang='lat' dir='ltr'><strong>et</strong></span> <span class='ocrx_word' id='word_1_195' title='bbox 739 2891 897 2956; x_wconf 85' lang='lat' dir='ltr'><strong>undecunque</strong></span> <span class='ocrx_word' id='word_1_196' title='bbox 918 2891 1064 2953; x_wconf 88' lang='lat' dir='ltr'><strong>doctissimo,</strong></span> <span class='ocrx_word' id='word_1_197' title='bbox 1085 2891 1218 2955; x_wconf 80' lang='lat' dir='ltr'><strong>apostolica</strong></span> 
     </span>
     <span class='ocr_line' id='line_1_25' title="bbox 150 2968 1218 3037; baseline 0.002 -17"><span class='ocrx_word' id='word_1_198' title='bbox 150 2968 218 3020; x_wconf 87' lang='lat' dir='ltr'><strong>sedis</strong></span> <span class='ocrx_word' id='word_1_199' title='bbox 230 2969 409 3020; x_wconf 77' lang='lat' dir='ltr'><strong>bibliothecario</strong></span> <span class='ocrx_word' id='word_1_200' title='bbox 423 2970 570 3021; x_wconf 76' lang='lat' dir='ltr'><strong>translata.»</strong></span> <span class='ocrx_word' id='word_1_201' title='bbox 589 2971 713 3021; x_wconf 86' lang='lat' dir='ltr'><strong>Hincmari</strong></span> <span class='ocrx_word' id='word_1_202' title='bbox 733 2972 817 3037; x_wconf 78' lang='lat' dir='ltr'><strong>Epist.</strong></span> <span class='ocrx_word' id='word_1_203' title='bbox 840 2972 876 3021; x_wconf 85' lang='lat' dir='ltr'><strong>cd</strong></span> <span class='ocrx_word' id='word_1_204' title='bbox 899 2971 1017 3022; x_wconf 73' lang='lat' dir='ltr'><strong>carolum</strong></span> <span class='ocrx_word' id='word_1_205' title='bbox 1038 2971 1218 3036; x_wconf 76' lang='lat' dir='ltr'><strong>imperatorem</strong></span> 
     </span>
     <span class='ocr_line' id='line_1_26' title="bbox 154 3050 1219 3117; baseline 0.001 -16"><span class='ocrx_word' id='word_1_206' title='bbox 154 3050 259 3114; x_wconf 77' lang='lat' dir='ltr'><strong>(iligna,</strong></span> <span class='ocrx_word' id='word_1_207' title='bbox 275 3051 416 3115; x_wconf 73' lang='lat' dir='ltr'><strong>ccxxvi,</strong></span> <span class='ocrx_word' id='word_1_208' title='bbox 429 3066 468 3115; x_wconf 90' lang='lat' dir='ltr'><strong>ep.</strong></span> <span class='ocrx_word' id='word_1_209' title='bbox 480 3053 520 3116; x_wconf 84' lang='grc'><strong>23,</strong></span> <span class='ocrx_word' id='word_1_210' title='bbox 535 3067 560 3117; x_wconf 89' lang='lat' dir='ltr'><strong>p.</strong></span> <span class='ocrx_word' id='word_1_211' title='bbox 577 3052 641 3116; x_wconf 84' lang='grc'><strong>153).</strong></span> <span class='ocrx_word' id='word_1_212' title='bbox 656 3053 736 3117; x_wconf 87' lang='lat' dir='ltr'><strong>Atque</strong></span> <span class='ocrx_word' id='word_1_213' title='bbox 750 3050 814 3102; x_wconf 92' lang='lat' dir='ltr'><strong>idam</strong></span> <span class='ocrx_word' id='word_1_214' title='bbox 829 3051 1020 3116; x_wconf 85' lang='lat' dir='ltr'><strong>archiepiscopus</strong></span> <span class='ocrx_word' id='word_1_215' title='bbox 1035 3051 1219 3102; x_wconf 74' lang='grc'><strong>1666166666-</strong></span> 
     </span>
     <span class='ocr_line' id='line_1_27' title="bbox 152 3129 1215 3196; baseline 0.003 -17"><span class='ocrx_word' id='word_1_216' title='bbox 152 3129 239 3180; x_wconf 75' lang='lat' dir='ltr'><strong>liora:</strong></span> <span class='ocrx_word' id='word_1_217' title='bbox 254 3130 538 3196; x_wconf 79' lang='lat' dir='ltr'><strong>«Constantinopolim...</strong></span> <span class='ocrx_word' id='word_1_218' title='bbox 554 3132 702 3196; x_wconf 77' lang='lat' dir='ltr'><strong>Anastasius,</strong></span> <span class='ocrx_word' id='word_1_219' title='bbox 716 3131 911 3182; x_wconf 86' lang='lat' dir='ltr'><strong>bibliothecarius</strong></span> <span class='ocrx_word' id='word_1_220' title='bbox 920 3133 1034 3182; x_wconf 78' lang='lat' dir='ltr'><strong>Romana</strong></span> <span class='ocrx_word' id='word_1_221' title='bbox 1044 3131 1114 3194; x_wconf 89' lang='lat' dir='ltr'><strong>sadis,</strong></span> <span class='ocrx_word' id='word_1_222' title='bbox 1125 3133 1215 3182; x_wconf 87' lang='lat' dir='ltr'><strong>utrius-</strong></span> 
     </span>
     <span class='ocr_line' id='line_1_28' title="bbox 152 3209 1216 3277; baseline 0.003 -18"><span class='ocrx_word' id='word_1_223' title='bbox 152 3224 202 3275; x_wconf 86' lang='lat' dir='ltr'><strong>que</strong></span> <span class='ocrx_word' id='word_1_224' title='bbox 212 3209 308 3273; x_wconf 78' lang='lat' dir='ltr'><strong>lingue,</strong></span> <span class='ocrx_word' id='word_1_225' title='bbox 326 3225 408 3272; x_wconf 77' lang='lat' dir='ltr'><strong>greca</strong></span> <span class='ocrx_word' id='word_1_226' title='bbox 421 3217 446 3260; x_wconf 90' lang='lat' dir='ltr'><strong>et</strong></span> <span class='ocrx_word' id='word_1_227' title='bbox 459 3210 547 3276; x_wconf 78' lang='lat' dir='ltr'><strong>latina,</strong></span> <span class='ocrx_word' id='word_1_228' title='bbox 559 3213 659 3276; x_wconf 89' lang='lat' dir='ltr'><strong>peritus,</strong></span> <span class='ocrx_word' id='word_1_229' title='bbox 673 3212 812 3277; x_wconf 79' lang='lat' dir='ltr'><strong>perrexit.»</strong></span> <span class='ocrx_word' id='word_1_230' title='bbox 832 3211 922 3276; x_wconf 79' lang='lat' dir='ltr'><strong>(Porta,</strong></span> <span class='ocrx_word' id='word_1_231' title='bbox 940 3213 959 3270; x_wconf 95' lang='grc'><strong>1,</strong></span> <span class='ocrx_word' id='word_1_232' title='bbox 972 3211 1038 3275; x_wconf 81' lang='lat' dir='ltr'><strong>tat.)</strong></span> <span class='ocrx_word' id='word_1_233' title='bbox 1062 3212 1121 3272; x_wconf 80' lang='lat' dir='ltr'><strong>Qua</strong></span> <span class='ocrx_word' id='word_1_234' title='bbox 1135 3214 1216 3277; x_wconf 84' lang='lat' dir='ltr'><strong>verba,</strong></span> 
     </span>
     <span class='ocr_line' id='line_1_29' title="bbox 150 3290 1216 3357; baseline 0.002 -17"><span class='ocrx_word' id='word_1_235' title='bbox 150 3290 197 3340; x_wconf 90' lang='lat' dir='ltr'><strong>etsi</strong></span> <span class='ocrx_word' id='word_1_236' title='bbox 212 3290 238 3339; x_wconf 92' lang='lat' dir='ltr'><strong>in</strong></span> <span class='ocrx_word' id='word_1_237' title='bbox 252 3305 343 3340; x_wconf 87' lang='lat' dir='ltr'><strong>annum</strong></span> <span class='ocrx_word' id='word_1_238' title='bbox 362 3293 406 3341; x_wconf 87' lang='grc'><strong>872</strong></span> <span class='ocrx_word' id='word_1_239' title='bbox 427 3291 501 3341; x_wconf 87' lang='lat' dir='ltr'><strong>relata</strong></span> <span class='ocrx_word' id='word_1_240' title='bbox 513 3298 576 3354; x_wconf 89' lang='lat' dir='ltr'><strong>sunt,</strong></span> <span class='ocrx_word' id='word_1_241' title='bbox 591 3298 672 3342; x_wconf 88' lang='lat' dir='ltr'><strong>tamen</strong></span> <span class='ocrx_word' id='word_1_242' title='bbox 683 3292 727 3342; x_wconf 90' lang='lat' dir='ltr'><strong>hoc</strong></span> <span class='ocrx_word' id='word_1_243' title='bbox 741 3306 802 3342; x_wconf 90' lang='lat' dir='ltr'><strong>anno</strong></span> <span class='ocrx_word' id='word_1_244' title='bbox 816 3292 903 3356; x_wconf 80' lang='lat' dir='ltr'><strong>scripta</strong></span> <span class='ocrx_word' id='word_1_245' title='bbox 921 3305 972 3341; x_wconf 88' lang='lat' dir='ltr'><strong>essa</strong></span> <span class='ocrx_word' id='word_1_246' title='bbox 992 3291 1038 3341; x_wconf 92' lang='lat' dir='ltr'><strong>dici</strong></span> <span class='ocrx_word' id='word_1_247' title='bbox 1059 3307 1108 3342; x_wconf 91' lang='lat' dir='ltr'><strong>non</strong></span> <span class='ocrx_word' id='word_1_248' title='bbox 1130 3299 1216 3357; x_wconf 89' lang='lat' dir='ltr'><strong>potest,</strong></span> 
     </span>
     <span class='ocr_line' id='line_1_30' title="bbox 152 3371 1216 3436; baseline 0.001 -16"><span class='ocrx_word' id='word_1_249' title='bbox 152 3385 209 3420; x_wconf 89' lang='lat' dir='ltr'><strong>cum</strong></span> <span class='ocrx_word' id='word_1_250' title='bbox 230 3385 303 3436; x_wconf 87' lang='lat' dir='ltr'><strong>supra</strong></span> <span class='ocrx_word' id='word_1_251' title='bbox 322 3371 472 3434; x_wconf 77' lang='lat' dir='ltr'><strong>probaverim</strong></span> <span class='ocrx_word' id='word_1_252' title='bbox 486 3372 615 3423; x_wconf 87' lang='lat' dir='ltr'><strong>lliucmaro</strong></span> <span class='ocrx_word' id='word_1_253' title='bbox 628 3387 718 3422; x_wconf 90' lang='lat' dir='ltr'><strong>morem</strong></span> <span class='ocrx_word' id='word_1_254' title='bbox 738 3372 811 3422; x_wconf 84' lang='lat' dir='ltr'><strong>luisse</strong></span> <span class='ocrx_word' id='word_1_255' title='bbox 825 3378 851 3421; x_wconf 89' lang='lat' dir='ltr'><strong>ut</strong></span> <span class='ocrx_word' id='word_1_256' title='bbox 866 3372 929 3422; x_wconf 85' lang='lat' dir='ltr'><strong>iacta</strong></span> <span class='ocrx_word' id='word_1_257' title='bbox 949 3386 996 3421; x_wconf 90' lang='lat' dir='ltr'><strong>non</strong></span> <span class='ocrx_word' id='word_1_258' title='bbox 1018 3371 1119 3433; x_wconf 76' lang='lat' dir='ltr'><strong>singulis</strong></span> <span class='ocrx_word' id='word_1_259' title='bbox 1139 3373 1216 3432; x_wconf 89' lang='lat' dir='ltr'><strong>annis,</strong></span> 
     </span>
     <span class='ocr_line' id='line_1_31' title="bbox 152 3448 1216 3516; baseline 0.001 -17"><span class='ocrx_word' id='word_1_260' title='bbox 152 3448 196 3499; x_wconf 90' lang='grc'><strong>666</strong></span> <span class='ocrx_word' id='word_1_261' title='bbox 210 3449 286 3499; x_wconf 91' lang='lat' dir='ltr'><strong>multo</strong></span> <span class='ocrx_word' id='word_1_262' title='bbox 300 3455 353 3514; x_wconf 91' lang='lat' dir='ltr'><strong>post</strong></span> <span class='ocrx_word' id='word_1_263' title='bbox 365 3449 493 3515; x_wconf 83' lang='lat' dir='ltr'><strong>aliquando</strong></span> <span class='ocrx_word' id='word_1_264' title='bbox 510 3453 679 3510; x_wconf 85' lang='lat' dir='ltr'><strong>conscriberat;</strong></span> <span class='ocrx_word' id='word_1_265' title='bbox 695 3451 766 3516; x_wconf 83' lang='lat' dir='ltr'><strong>idque</strong></span> <span class='ocrx_word' id='word_1_266' title='bbox 782 3452 811 3501; x_wconf 90' lang='lat' dir='ltr'><strong>do</strong></span> <span class='ocrx_word' id='word_1_267' title='bbox 829 3450 880 3501; x_wconf 90' lang='lat' dir='ltr'><strong>loco</strong></span> <span class='ocrx_word' id='word_1_268' title='bbox 897 3466 969 3516; x_wconf 89' lang='lat' dir='ltr'><strong>quam</strong></span> <span class='ocrx_word' id='word_1_269' title='bbox 984 3451 1079 3513; x_wconf 79' lang='lat' dir='ltr'><strong>agimus</strong></span> <span class='ocrx_word' id='word_1_270' title='bbox 1094 3466 1122 3500; x_wconf 90' lang='lat' dir='ltr'><strong>ao</strong></span> <span class='ocrx_word' id='word_1_271' title='bbox 1140 3452 1216 3513; x_wconf 76' lang='lat' dir='ltr'><strong>magis</strong></span> 
     </span>
     <span class='ocr_line' id='line_1_32' title="bbox 151 3529 1217 3596; baseline 0.001 -16"><span class='ocrx_word' id='word_1_272' title='bbox 151 3537 247 3580; x_wconf 88' lang='lat' dir='ltr'><strong>constat</strong></span> <span class='ocrx_word' id='word_1_273' title='bbox 260 3529 322 3595; x_wconf 87' lang='lat' dir='ltr'><strong>quod</strong></span> <span class='ocrx_word' id='word_1_274' title='bbox 337 3531 488 3595; x_wconf 88' lang='lat' dir='ltr'><strong>Hincmarus,</strong></span> <span class='ocrx_word' id='word_1_275' title='bbox 500 3531 529 3580; x_wconf 92' lang='lat' dir='ltr'><strong>ad</strong></span> <span class='ocrx_word' id='word_1_276' title='bbox 541 3546 596 3581; x_wconf 93' lang='lat' dir='ltr'><strong>eum</strong></span> <span class='ocrx_word' id='word_1_277' title='bbox 607 3534 808 3596; x_wconf 78' lang='lat' dir='ltr'><strong>comportandum,</strong></span> <span class='ocrx_word' id='word_1_278' title='bbox 819 3532 902 3582; x_wconf 90' lang='lat' dir='ltr'><strong>Vitam</strong></span> <span class='ocrx_word' id='word_1_279' title='bbox 914 3531 1027 3581; x_wconf 89' lang='lat' dir='ltr'><strong>Hadriani</strong></span> <span class='ocrx_word' id='word_1_280' title='bbox 1043 3533 1065 3582; x_wconf 95' lang='grc'><strong>11</strong></span> <span class='ocrx_word' id='word_1_281' title='bbox 1080 3531 1217 3581; x_wconf 87' lang='lat' dir='ltr'><strong>adhibuisse</strong></span> 
     </span>
     <span class='ocr_line' id='line_1_33' title="bbox 150 3610 1217 3674; baseline -0.002 -14"><span class='ocrx_word' id='word_1_282' title='bbox 150 3610 249 3661; x_wconf 73' lang='lat' dir='ltr'><strong>videtur</strong></span> <span class='ocrx_word' id='word_1_283' title='bbox 264 3610 305 3673; x_wconf 86' lang='lat' dir='ltr'><strong>(ci.</strong></span> <span class='ocrx_word' id='word_1_284' title='bbox 316 3612 395 3671; x_wconf 76' lang='lat' dir='ltr'><strong>Parta,</strong></span> <span class='ocrx_word' id='word_1_285' title='bbox 411 3610 427 3660; x_wconf 92' lang='lat' dir='ltr'><strong>l.</strong></span> <span class='ocrx_word' id='word_1_286' title='bbox 439 3625 472 3672; x_wconf 89' lang='grc'><strong>6.,</strong></span> <span class='ocrx_word' id='word_1_287' title='bbox 487 3619 511 3660; x_wconf 87' lang='lat' dir='ltr'><strong>et</strong></span> <span class='ocrx_word' id='word_1_288' title='bbox 527 3612 610 3661; x_wconf 75' lang='lat' dir='ltr'><strong>Vitam</strong></span> <span class='ocrx_word' id='word_1_289' title='bbox 628 3611 758 3661; x_wconf 78' lang='lat' dir='ltr'><strong>Hadriani</strong></span> <span class='ocrx_word' id='word_1_290' title='bbox 772 3613 807 3673; x_wconf 89' lang='lat'><strong>11,</strong></span> <span class='ocrx_word' id='word_1_291' title='bbox 822 3626 843 3660; x_wconf 91' lang='lat' dir='ltr'><strong>o.</strong></span> <span class='ocrx_word' id='word_1_292' title='bbox 858 3623 950 3669; x_wconf 82' lang='lat' dir='ltr'><strong>xxxtV,</strong></span> <span class='ocrx_word' id='word_1_293' title='bbox 966 3625 990 3674; x_wconf 88' lang='lat' dir='ltr'><strong>p.</strong></span> <span class='ocrx_word' id='word_1_294' title='bbox 1006 3612 1063 3674; x_wconf 90' lang='grc'><strong>238,</strong></span> <span class='ocrx_word' id='word_1_295' title='bbox 1076 3617 1101 3660; x_wconf 88' lang='lat' dir='ltr'><strong>et</strong></span> <span class='ocrx_word' id='word_1_296' title='bbox 1114 3625 1134 3660; x_wconf 93' lang='lat' dir='ltr'><strong>c.</strong></span> <span class='ocrx_word' id='word_1_297' title='bbox 1150 3622 1217 3670; x_wconf 82' lang='lat' dir='ltr'><strong>xuu,</strong></span> 
     </span>
     <span class='ocr_line' id='line_1_34' title="bbox 152 3689 1218 3757; baseline -0.002 -17"><span class='ocrx_word' id='word_1_298' title='bbox 152 3707 179 3757; x_wconf 91' lang='lat' dir='ltr'><strong>p.</strong></span> <span class='ocrx_word' id='word_1_299' title='bbox 194 3691 290 3755; x_wconf 74' lang='grc'><strong>213-1),</strong></span> <span class='ocrx_word' id='word_1_300' title='bbox 305 3705 376 3755; x_wconf 87' lang='lat' dir='ltr'><strong>quam</strong></span> <span class='ocrx_word' id='word_1_301' title='bbox 390 3705 447 3740; x_wconf 86' lang='lat' dir='ltr'><strong>sane</strong></span> <span class='ocrx_word' id='word_1_302' title='bbox 461 3695 536 3742; x_wconf 81' lang='lat' dir='ltr'><strong>Roma</strong></span> <span class='ocrx_word' id='word_1_303' title='bbox 548 3706 667 3740; x_wconf 87' lang='lat' dir='ltr'><strong>arcessere</strong></span> <span class='ocrx_word' id='word_1_304' title='bbox 681 3705 729 3740; x_wconf 92' lang='lat' dir='ltr'><strong>non</strong></span> <span class='ocrx_word' id='word_1_305' title='bbox 741 3691 831 3756; x_wconf 89' lang='lat' dir='ltr'><strong>potuit,</strong></span> <span class='ocrx_word' id='word_1_306' title='bbox 843 3691 888 3740; x_wconf 92' lang='lat' dir='ltr'><strong>nisi</strong></span> <span class='ocrx_word' id='word_1_307' title='bbox 899 3697 953 3755; x_wconf 88' lang='lat' dir='ltr'><strong>post</strong></span> <span class='ocrx_word' id='word_1_308' title='bbox 966 3691 1105 3740; x_wconf 86' lang='lat' dir='ltr'><strong>defunctum</strong></span> <span class='ocrx_word' id='word_1_309' title='bbox 1121 3689 1218 3740; x_wconf 88' lang='lat' dir='ltr'><strong>Hadria·</strong></span> 
     </span>
     <span class='ocr_line' id='line_1_35' title="bbox 148 3769 1216 3837; baseline -0.004 -15"><span class='ocrx_word' id='word_1_310' title='bbox 148 3787 220 3829; x_wconf 83' lang='lat' dir='ltr'><strong>num.</strong></span> <span class='ocrx_word' id='word_1_311' title='bbox 233 3776 306 3836; x_wconf 89' lang='lat' dir='ltr'><strong>atque</strong></span> <span class='ocrx_word' id='word_1_312' title='bbox 325 3770 355 3820; x_wconf 97' lang='lat' dir='ltr'><strong>ab</strong></span> <span class='ocrx_word' id='word_1_313' title='bbox 378 3770 415 3834; x_wconf 91' lang='lat' dir='ltr'><strong>iis,</strong></span> <span class='ocrx_word' id='word_1_314' title='bbox 430 3777 547 3835; x_wconf 87' lang='lat' dir='ltr'><strong>quantum</strong></span> <span class='ocrx_word' id='word_1_315' title='bbox 561 3774 698 3834; x_wconf 78' lang='lat' dir='ltr'><strong>conjectura</strong></span> <span class='ocrx_word' id='word_1_316' title='bbox 710 3785 849 3837; x_wconf 88' lang='lat' dir='ltr'><strong>consequor,</strong></span> <span class='ocrx_word' id='word_1_317' title='bbox 865 3771 915 3835; x_wconf 87' lang='lat' dir='ltr'><strong>qui,</strong></span> <span class='ocrx_word' id='word_1_318' title='bbox 933 3785 955 3820; x_wconf 96' lang='grc'><strong>6.</strong></span> <span class='ocrx_word' id='word_1_319' title='bbox 973 3772 1030 3833; x_wconf 81' lang='grc'><strong>875,</strong></span> <span class='ocrx_word' id='word_1_320' title='bbox 1042 3771 1126 3822; x_wconf 81' lang='lat' dir='ltr'><strong>Carolo</strong></span> <span class='ocrx_word' id='word_1_321' title='bbox 1143 3769 1216 3821; x_wconf 88' lang='lat' dir='ltr'><strong>Calro</strong></span> 
     </span>
     <span class='ocr_line' id='line_1_36' title="bbox 149 3849 1216 3915; baseline -0.004 -12"><span class='ocrx_word' id='word_1_322' title='bbox 149 3851 244 3903; x_wconf 87' lang='lat' dir='ltr'><strong>itineris</strong></span> <span class='ocrx_word' id='word_1_323' title='bbox 258 3853 358 3901; x_wconf 84' lang='lat' dir='ltr'><strong>Romaul</strong></span> <span class='ocrx_word' id='word_1_324' title='bbox 371 3851 469 3901; x_wconf 91' lang='lat' dir='ltr'><strong>comites</strong></span> <span class='ocrx_word' id='word_1_325' title='bbox 483 3851 588 3901; x_wconf 85' lang='lat' dir='ltr'><strong>luerunt.</strong></span> <span class='ocrx_word' id='word_1_326' title='bbox 604 3853 654 3901; x_wconf 90' lang='lat' dir='ltr'><strong>Nec</strong></span> <span class='ocrx_word' id='word_1_327' title='bbox 674 3851 740 3900; x_wconf 89' lang='lat' dir='ltr'><strong>enim</strong></span> <span class='ocrx_word' id='word_1_328' title='bbox 756 3858 809 3901; x_wconf 88' lang='lat' dir='ltr'><strong>turn</strong></span> <span class='ocrx_word' id='word_1_329' title='bbox 829 3851 934 3915; x_wconf 86' lang='lat' dir='ltr'><strong>primurn</strong></span> <span class='ocrx_word' id='word_1_330' title='bbox 956 3849 1098 3899; x_wconf 75' lang='lat' dir='ltr'><strong>hincmarus</strong></span> <span class='ocrx_word' id='word_1_331' title='bbox 1114 3851 1216 3900; x_wconf 85' lang='lat' dir='ltr'><strong>Romam</strong></span> 
     </span>
     <span class='ocr_line' id='line_1_37' title="bbox 149 3929 1215 3999; baseline -0.002 -17"><span class='ocrx_word' id='word_1_332' title='bbox 149 3931 367 3999; x_wconf 80' lang='lat' dir='ltr'><strong>proficiscentibus,</strong></span> <span class='ocrx_word' id='word_1_333' title='bbox 382 3937 408 3980; x_wconf 89' lang='lat' dir='ltr'><strong>ut</strong></span> <span class='ocrx_word' id='word_1_334' title='bbox 428 3931 506 3981; x_wconf 85' lang='lat' dir='ltr'><strong>Gesta</strong></span> <span class='ocrx_word' id='word_1_335' title='bbox 527 3945 675 3980; x_wconf 89' lang='lat' dir='ltr'><strong>summorum</strong></span> <span class='ocrx_word' id='word_1_336' title='bbox 689 3932 830 3994; x_wconf 77' lang='lat' dir='ltr'><strong>pontificum</strong></span> <span class='ocrx_word' id='word_1_337' title='bbox 843 3930 967 3991; x_wconf 78' lang='lat' dir='ltr'><strong>referrent,</strong></span> <span class='ocrx_word' id='word_1_338' title='bbox 984 3929 1097 3980; x_wconf 84' lang='lat' dir='ltr'><strong>mandata</strong></span> <span class='ocrx_word' id='word_1_339' title='bbox 1109 3930 1215 3980; x_wconf 88' lang='lat' dir='ltr'><strong>dederat.</strong></span> 
     </span>
     <span class='ocr_line' id='line_1_38' title="bbox 150 4011 1214 4077; baseline -0.003 -13"><span class='ocrx_word' id='word_1_340' title='bbox 150 4015 184 4064; x_wconf 87' lang='lat' dir='ltr'><strong>V.</strong></span> <span class='ocrx_word' id='word_1_341' title='bbox 198 4012 321 4062; x_wconf 89' lang='lat' dir='ltr'><strong>llincmari</strong></span> <span class='ocrx_word' id='word_1_342' title='bbox 335 4013 418 4076; x_wconf 79' lang='lat' dir='ltr'><strong>Epist.</strong></span> <span class='ocrx_word' id='word_1_343' title='bbox 433 4012 470 4061; x_wconf 87' lang='lat' dir='ltr'><strong>ad</strong></span> <span class='ocrx_word' id='word_1_344' title='bbox 480 4011 614 4077; x_wconf 74' lang='lat' dir='ltr'><strong>Epiloaem</strong></span> <span class='ocrx_word' id='word_1_345' title='bbox 627 4011 739 4076; x_wconf 82' lang='lat' dir='ltr'><strong>archiep.</strong></span> <span class='ocrx_word' id='word_1_346' title='bbox 752 4012 843 4061; x_wconf 80' lang='lat' dir='ltr'><strong>Senon.</strong></span> <span class='ocrx_word' id='word_1_347' title='bbox 862 4011 963 4075; x_wconf 81' lang='lat' dir='ltr'><strong>(Migne,</strong></span> <span class='ocrx_word' id='word_1_348' title='bbox 978 4015 997 4059; x_wconf 92' lang='lat' dir='ltr'><strong>t.</strong></span> <span class='ocrx_word' id='word_1_349' title='bbox 1013 4011 1123 4074; x_wconf 73' lang='lat' dir='ltr'><strong>cxxvi,</strong></span> <span class='ocrx_word' id='word_1_350' title='bbox 1135 4024 1175 4074; x_wconf 88' lang='lat' dir='ltr'><strong>ep.</strong></span> <span class='ocrx_word' id='word_1_351' title='bbox 1189 4013 1214 4076; x_wconf 89' lang='grc'><strong>8,</strong></span> 
     </span>
     <span class='ocr_line' id='line_1_39' title="bbox 151 4094 277 4159; baseline -0.016 -15"><span class='ocrx_word' id='word_1_352' title='bbox 151 4109 178 4159; x_wconf 91' lang='lat' dir='ltr'><strong>p.</strong></span> <span class='ocrx_word' id='word_1_353' title='bbox 193 4095 224 4144; x_wconf 88' lang='lat'><strong>68</strong></span> <span class='ocrx_word' id='word_1_354' title='bbox 236 4094 277 4156; x_wconf 89' lang='lat' dir='ltr'><strong>A).</strong></span> 
     </span>
    </p>

    <p class='ocr_par' dir='ltr' id='par_1_6' title="bbox 182 4171 742 4237">
     <span class='ocr_line' id='line_1_40' title="bbox 182 4171 742 4237; baseline -0.004 -15"><span class='ocrx_word' id='word_1_355' title='bbox 182 4175 207 4222; x_wconf 89' lang='grc'><strong>2.</strong></span> <span class='ocrx_word' id='word_1_356' title='bbox 225 4174 256 4222; x_wconf 91' lang='lat' dir='ltr'><strong>V.</strong></span> <span class='ocrx_word' id='word_1_357' title='bbox 272 4174 304 4222; x_wconf 84' lang='grc'><strong>16</strong></span> <span class='ocrx_word' id='word_1_358' title='bbox 315 4186 381 4237; x_wconf 84' lang='lat' dir='ltr'><strong>pape</strong></span> <span class='ocrx_word' id='word_1_359' title='bbox 395 4171 522 4235; x_wconf 76' lang='lat' dir='ltr'><strong>Formosa,</strong></span> <span class='ocrx_word' id='word_1_360' title='bbox 537 4177 599 4236; x_wconf 87' lang='lat' dir='ltr'><strong>part.</strong></span> <span class='ocrx_word' id='word_1_361' title='bbox 616 4171 648 4233; x_wconf 91' lang='grc'><strong>11,</strong></span> <span class='ocrx_word' id='word_1_362' title='bbox 663 4186 684 4220; x_wconf 87' lang='grc'><strong>6.</strong></span> <span class='ocrx_word' id='word_1_363' title='bbox 702 4182 742 4220; x_wconf 86' lang='grc' dir='ltr'><strong>ιιι.</strong></span> 
     </span>
    </p>

    <p class='ocr_par' dir='ltr' id='par_1_7' title="bbox 115 4249 1212 4400">
     <span class='ocr_line' id='line_1_41' title="bbox 115 4249 1212 4317; baseline 0.002 -17"><span class='ocrx_word' id='word_1_364' title='bbox 115 4297 116 4300; x_wconf 76' lang='grc'><strong>,</strong></span> <span class='ocrx_word' id='word_1_365' title='bbox 183 4255 207 4303; x_wconf 90' lang='grc'><strong>3.</strong></span> <span class='ocrx_word' id='word_1_366' title='bbox 225 4253 346 4315; x_wconf 78' lang='lat' dir='ltr'><strong>ignatium</strong></span> <span class='ocrx_word' id='word_1_367' title='bbox 361 4258 480 4303; x_wconf 87' lang='lat' dir='ltr'><strong>mortuum</strong></span> <span class='ocrx_word' id='word_1_368' title='bbox 494 4267 546 4301; x_wconf 90' lang='lat' dir='ltr'><strong>esse</strong></span> <span class='ocrx_word' id='word_1_369' title='bbox 562 4266 610 4301; x_wconf 94' lang='lat' dir='ltr'><strong>non</strong></span> <span class='ocrx_word' id='word_1_370' title='bbox 625 4265 687 4300; x_wconf 92' lang='lat' dir='ltr'><strong>anno</strong></span> <span class='ocrx_word' id='word_1_371' title='bbox 705 4251 762 4311; x_wconf 85' lang='grc'><strong>878,</strong></span> <span class='ocrx_word' id='word_1_372' title='bbox 781 4251 823 4299; x_wconf 89' lang='lat' dir='ltr'><strong>sed</strong></span> <span class='ocrx_word' id='word_1_373' title='bbox 843 4249 867 4299; x_wconf 94' lang='lat' dir='ltr'><strong>d.</strong></span> <span class='ocrx_word' id='word_1_374' title='bbox 890 4251 919 4299; x_wconf 89' lang='grc'><strong>23</strong></span> <span class='ocrx_word' id='word_1_375' title='bbox 943 4263 975 4299; x_wconf 90' lang='lat' dir='ltr'><strong>m.</strong></span> <span class='ocrx_word' id='word_1_376' title='bbox 997 4251 1058 4303; x_wconf 84' lang='lat' dir='ltr'><strong>Nor.</strong></span> <span class='ocrx_word' id='word_1_377' title='bbox 1080 4250 1136 4300; x_wconf 87' lang='lat' dir='ltr'><strong>anni</strong></span> <span class='ocrx_word' id='word_1_378' title='bbox 1157 4253 1212 4317; x_wconf 90' lang='grc'><strong>817,</strong></span> 
     </span>
     <span class='ocr_line' id='line_1_42' title="bbox 150 4330 1042 4400; baseline -0.006 -17"><span class='ocrx_word' id='word_1_379' title='bbox 150 4333 261 4400; x_wconf 78' lang='lat' dir='ltr'><strong>probarit</strong></span> <span class='ocrx_word' id='word_1_380' title='bbox 274 4332 452 4395; x_wconf 85' lang='lat' dir='ltr'><strong>Hergenrothar</strong></span> <span class='ocrx_word' id='word_1_381' title='bbox 466 4330 601 4382; x_wconf 87' lang='lat' dir='ltr'><strong>cardinalis.</strong></span> <span class='ocrx_word' id='word_1_382' title='bbox 620 4332 652 4382; x_wconf 86' lang='lat' dir='ltr'><strong>V.</strong></span> <span class='ocrx_word' id='word_1_383' title='bbox 666 4330 782 4393; x_wconf 68' lang='lat' dir='ltr'><strong>Photinus,</strong></span> <span class='ocrx_word' id='word_1_384' title='bbox 796 4337 816 4381; x_wconf 89' lang='lat' dir='ltr'><strong>t.</strong></span> <span class='ocrx_word' id='word_1_385' title='bbox 830 4331 862 4393; x_wconf 91' lang='lat' dir='ltr'><strong>ll,</strong></span> <span class='ocrx_word' id='word_1_386' title='bbox 875 4344 903 4394; x_wconf 89' lang='lat' dir='ltr'><strong>p.</strong></span> <span class='ocrx_word' id='word_1_387' title='bbox 918 4331 964 4381; x_wconf 91' lang='grc'><strong>286</strong></span> <span class='ocrx_word' id='word_1_388' title='bbox 978 4344 1042 4396; x_wconf 84' lang='lat' dir='ltr'><strong>sqq.-</strong></span> 
     </span>
    </p>
   </div>
   <div class='ocr_carea' id='block_1_4' title="bbox 0 0 1476 5060">
    <p class='ocr_par' dir='ltr' id='par_1_8' title="bbox 0 0 1476 5060">
     <span class='ocr_line' id='line_1_43' title="bbox 0 0 1476 5060; baseline 0 0"><span class='ocrx_word' id='word_1_389' title='bbox 0 0 1476 5060; x_wconf 95' lang='lat' dir='ltr'><strong> </strong></span> 
     </span>
    </p>
   </div>
  </div>
 </body>
</html>
