2944 5060
270 440 315 490 336
617 439 811 490 arennnlx
836 437 983 490 aurunt

271 579 338 635 setis
352 579 452 651 liquet.
468 582 561 650 Atque
583 578 678 634 eidem
698 579 918 635 bibliothecario
939 577 1144 650 denegandam
1167 593 1227 634 esse
1242 580 1337 636 Vitam

271 679 409 734 Hadriani
427 681 463 746 ΙΙ,
486 693 572 748 supra
591 676 630 750 (p.
649 678 788 748 ale-253),
809 680 859 733 aut
879 694 934 749 ego
952 677 1046 744 fallor,
1064 676 1253 733 manifestum
1268 676 1335 732 leci.

272 777 338 833 Vita
352 792 419 832 raro
432 775 537 834 Nicoloi
549 777 572 844 Ι,
589 775 642 831 etsi
662 792 720 832 non
742 775 824 831 attuli
844 779 936 832 certas
953 792 1053 831 causas
1069 791 1120 831 cur
1134 775 1169 830 ab
1183 774 1336 831 Anastasio

271 873 460 946 abjudicetur,
476 876 575 929 tamen
587 874 667 929 nulla
679 877 722 929 est
735 873 898 946 auctoritas,
908 873 988 930 nulla
997 873 1070 928 ratio
1083 872 1162 946 quod
1185 872 1213 928 ei
1228 871 1337 928 tribue-

269 973 327 1028 tur.
343 971 435 1027 lmmo
445 987 512 1028 vero
523 972 662 1028 nonnulla
672 971 852 1027 suntindicia
866 989 930 1044 quae
941 971 1111 1044 scriptorem
1125 972 1194 1028 Vita
1204 972 1316 1030 Nicator·
1329 971 1343 1025 Ι

270 1069 406 1126 eumdem
419 1087 478 1126 esse
497 1069 671 1125 denuntient
691 1070 740 1142 qui
763 1070 875 1142 scripsit
888 1071 1029 1126 Hadriani
1041 1072 1072 1126 ΙΙ
1095 1071 1199 1127 Vitam.
1220 1069 1338 1125 Utinam

269 1167 359 1239 igitur
370 1168 424 1224 viri
439 1168 606 1234 doctinam
622 1168 705 1224 Libro
719 1168 888 1240 pontificali,
904 1167 942 1224 ad
964 1168 1148 1240 probandum
1162 1167 1336 1240 presertim,

219 1263 226 1272 '
271 1269 401 1336 utuntur,
416 1266 600 1322 Anastasium
614 1266 867 1323 bibliothecarium
885 1267 1031 1338 appellare
1046 1265 1165 1321 tandem
1181 1264 1336 1320 desinenti

271 1368 315 1438 (V.
335 1368 485 1438 Langnon,
505 1368 586 1424 Attus
597 1370 746 1439 historicae
755 1369 790 1424 dc
800 1369 827 1423 lu
836 1371 946 1437 stenae,
958 1368 1049 1438 Paris,
1066 1370 1146 1436 1884,
1156 1371 1235 1424 texte
1246 1368 1336 1441 expli-

270 1465 349 1533 catif,
367 1469 405 1520 Ιη
420 1465 495 1535 lien,
506 1483 535 1538 p.
550 1466 655 1539 57-58.)
1281 1523 1286 1534 ‚

304 1566 331 1619 2.
353 1564 478 1634 Epistola
497 1565 583 1621 attera
602 1565 639 1620 od
659 1565 783 1622 Adonem
801 1567 984 1636 Viennensem,
1000 1581 1089 1637 quam
1101 1564 1221 1636 quidam
1235 1580 1338 1620 recen-

270 1661 370 1731 tioreS,
379 1661 450 1717 alius
461 1661 550 1718 alium
562 1661 775 1719 inconsiderate
789 1667 912 1732 secutus,
924 1664 960 1719 ab
968 1662 1115 1718 Anmtasio
1125 1662 1161 1718 de
1170 1661 1308 1717 lladriani
1316 1663 1339 1717 ΙΙ

271 1760 411 1816 electione
426 1760 564 1833 scriptam
584 1778 644 1817 esse
663 1762 809 1818 smxcrunt
828 1761 863 1835 (v.
885 1761 1038 1830 Fabricius,
1061 1762 1133 1817 etot.
1155 1761 1250 1826 Graec,
1268 1763 1289 1815 t.
1306 1761 1338 1830 ΙΙ,

270 1874 300 1930 p.
318 1860 370 1914 606
377 1876 386 1929 ;
407 1859 478 1915 bibl.
498 1861 559 1916 Lot.
575 1861 646 1917 med.
661 1864 687 1917 et
706 1862 760 1928 inf.
777 1864 874 1928 atatis,
897 1862 919 1916 t.
941 1861 964 1932 Ι,
984 1878 1014 1933 p.
1030 1862 1079 1930 893
1095 1860 1181 1929 Bibe,
1198 1862 1292 1919 Gessit.
1309 1861 1338 1917 d.

269 1959 337 2013 edm.
352 1958 431 2024 Litt,
446 1960 468 2013 t.
486 1957 530 2026 ΙΙΙ,
546 1973 575 2028 p.
592 1958 665 2031 265).
680 1959 764 2027 Nam,
780 1961 885 2030 praeter
898 1954 979 2014 illem
990 1957 1142 2030 epistolam
1158 1975 1247 2031 quam
1262 1974 1340 2030 saepe

270 2054 302 2109 in
308 2054 364 2110 hoc
376 2054 450 2111 libro
460 2055 696 2126 memoravimus,
710 2056 853 2112 Anastasii
864 2056 900 2112 ad
914 2056 1046 2113 Adonem
1061 2056 1141 2112 nulla
1151 2056 1209 2112 alia
1220 2056 1342 2112 inventa

272 2155 315 2206 est
330 2152 460 2224 epistola.

306 2251 332 2305 3.
353 2251 479 2321 Epistola
491 2252 528 2307 ud
537 2254 714 2310 Hincmorum
723 2255 876 2310 lismensem
885 2253 1018 2324 archiep,
1030 2269 1127 2324 quam,
1141 2251 1341 2324 quorumdam

270 2348 465 2404 recentiorum
480 2350 626 2421 opinione,
641 2351 805 2406 Anastasius
815 2349 974 2422 scripsisset
982 2341 1081 2406 mense
1093 2350 1230 2407 Ianuario
1241 2368 1268 2407 a.
1284 2353 1341 2408 876

272 2448 308 2514 (v.
337 2447 370 2502 D.
393 2445 517 2516 ceillier,
542 2449 615 2504 Hist.
639 2453 730 2518 adnm.
752 2449 799 2504 des
824 2453 936 2504 auteurs
956 2452 1057 2517 sacres,
1080 2451 1101 2503 t.
1124 2449 1190 2517 ΙΙΙΙΙ,
1215 2464 1243 2520 p.
1268 2449 1339 2516 lls;

271 2542 427 2612 Fabricius,
442 2544 514 2601 Ribl.
527 2545 623 2614 maa,
634 2549 656 2603 t.
671 2545 702 2615 X,
718 2563 747 2618 p.
761 2549 828 2615 6063
840 2545 910 2604 Bibl.
924 2547 998 2615 Lat,
1014 2549 1035 2600 t.
1050 2546 1071 2616 Ι,
1081 2562 1109 2618 p.
1120 2548 1172 2615 893
1189 2545 1273 2616 Bahr,
1288 2561 1339 2618 op.

271 2640 332 2713 eit,
358 2658 387 2713 p.
413 2643 486 2710 265).
513 2644 548 2697 At
572 2645 634 2699 haec
656 2647 700 2698 est
718 2643 854 2699 Johannis
876 2644 934 2698 Vlll
954 2643 1084 2716 epistola,
1111 2643 1145 2700 de
1170 2660 1228 2716 qua
1251 2659 1341 2715 supra

272 2738 396 2794 diximus
408 2740 447 2812 (v.
457 2756 486 2812 p.
500 2743 576 2814 279),
591 2758 656 2813 qnae
670 2740 788 2814 quidem
809 2764 823 2792 «
836 2759 887 2814 per
901 2759 1005 2798 manus
1014 2741 1158 2798 Anastasii
1172 2740 1240 2796 data
1257 2744 1339 2810 estu,

271 2837 389 2911 ejusque
418 2836 494 2908 stilo,
517 2841 550 2893 ut
569 2837 693 2908 videtur,
717 2839 880 2905 elaborata,
903 2839 954 2895 sed
975 2856 1064 2912 quain
1084 2843 1181 2895 tamen
1202 2839 1259 2897 iste
1278 2855 1340 2895 non

271 2935 384 3009 scripsit
399 2953 434 2992 ex
448 2953 499 2992 suo
516 2936 636 2993 nomine
655 2940 741 3010 atque
755 2953 889 3009 persona.

307 3030 334 3090 4.
355 3035 451 3109 Neque
473 3034 547 3091 ratio
569 3038 622 3106 est,
650 3039 683 3092 ut
707 3035 850 3092 Fabricius
873 3037 957 3106 (Btbt.
981 3038 1078 3108 Grec,
1098 3039 1119 3091 t.
1134 3037 1165 3106 X,
1187 3052 1217 3108 p.
1229 3037 1292 3106 606)
1311 3037 1343 3091 et

272 3132 347 3187 Bahr
361 3132 516 3204 opinantur
530 3136 589 3206 (op.
606 3132 667 3204 eit.,
689 3151 718 3206 p.
731 3136 805 3202 265),
828 3151 878 3190 cur
896 3134 1047 3190 Anastasio
1063 3133 1258 3190 adscribamus
1273 3150 1344 3190 eam

271 3231 425 3302 Epictetum
440 3231 473 3286 de
485 3231 666 3287 transtatione
679 3234 707 3290 S.
724 3233 860 3304 Stephani
877 3235 1102 3304 protomartyris,
1119 3249 1183 3305 qum
1197 3232 1346 3304 reperitur

274 3327 304 3384 in
321 3328 486 3402 Appendicc
501 3345 623 3401 operum
638 3330 665 3386 S.
681 3330 843 3402 Augustini,
859 3330 904 3386 ed.
922 3331 1074 3399 Parisiaca,
1086 3333 1108 3385 t.
1124 3330 1168 3398 Vl,
1184 3347 1213 3402 p.
1229 3333 1272 3386 ΙΙ.

310 3429 336 3482 6.
355 3429 480 3497 Epitome
503 3427 696 3484 chronicorum
719 3429 916 3496 casinensium,
932 3443 1004 3499 opus
1018 3427 1116 3483 multis
1128 3427 1234 3483 fabulis
1249 3427 1344 3483 reler-

274 3526 346 3595 tum,
364 3523 441 3596 quod
454 3525 518 3596 jam
541 3525 611 3581 olim
632 3526 765 3582 ldahillon
783 3527 863 3600 (Acta
876 3525 927 3582 88.
944 3525 975 3582 0.
992 3527 1021 3582 S.
1036 3527 1081 3593 B.,
1095 3529 1117 3580 t.
1132 3525 1166 3594 ll,
1182 3541 1211 3596 p.
1233 3525 1296 3596 337)
1314 3529 1346 3582 et

274 3621 408 3679 Muratori
424 3623 496 3696 (lter.
510 3624 575 3680 Ital.
592 3626 701 3697 script,
717 3626 738 3680 t.
754 3624 788 3694 ΙΙ,
811 3639 841 3697 p.
856 3624 948 3695 alr-9)
966 3621 1115 3679 Anastasio
1136 3622 1211 3677 sedis
1223 3625 1346 3694 aposto-

275 3718 336 3775 licae
355 3719 573 3778 bibliothecario
596 3720 684 3777 tribui
708 3737 768 3777 non
796 3738 878 3794 posse
899 3721 1102 3794 probaverunt.
1131 3721 1164 3774 Et
1188 3719 1244 3776 hoc
1271 3737 1346 3776 sane

276 3817 391 3873 cuilibet
404 3817 570 3892 inspicienti
583 3819 769 3874 menifestum
783 3823 835 3875 est.

312 3919 338 3972 6.
359 3917 430 3973 Acta
444 3918 549 3974 Sanctae
566 3918 699 3989 Crispina
716 3920 834 3988 oriminis
858 3921 884 3974 et
900 3919 1042 3987 martyris,
1067 3933 1131 3988 qua.
1149 3914 1269 3988 quidem
1283 3915 1347 3972 tta·

275 4011 365 4070 billon
388 4013 419 4069 in
445 4019 466 4072 t.
492 4016 527 4072 ΙΙΙ
557 4018 684 4072 Veterum
708 4016 902 4072 Analeetoram
929 4031 963 4070 ex
986 4013 1085 4070 codice
1111 4030 1196 4069 mser.
1219 4011 1347 4068 coenohii

276 4111 305 4168 8.
328 4111 499 4168 Theoderici
525 4129 615 4185 prope
641 4114 745 4169 Remos
770 4113 831 4169 sine
850 4112 969 4168 nomine
996 4110 1141 4183 scriptoris
1164 4109 1269 4178 edidit;
1291 4111 1347 4164 sed

278 4225 351 4282 quse,
367 4211 443 4282 apud
469 4210 563 4283 iligna
585 4211 628 4284 (P.
644 4213 688 4281 L„
709 4216 731 4268 t.
748 4211 853 4280 CXXIX,
879 4228 906 4283 p.
923 4213 997 4279 727),
1019 4208 1167 4266 Anastasio
1187 4207 1346 4266 bibliothe-

277 4307 354 4363 cario
369 4309 464 4364 neseio
480 4326 538 4381 qua
551 4309 755 4366 allucinatione
769 4309 912 4382 adscripta
926 4312 1001 4366 sunt.
