2944 5060
504 431 678 484 resanat
705 432 821 484 vitata
1147 439 1192 488 161

126 586 335 664 retorquens,
355 576 425 664 ipse
439 577 538 644 etiam
551 576 739 645 firmissime
753 577 956 646 asseverabat
972 597 1007 646 se
1019 597 1192 667 nunquam

125 692 201 758 lata
220 689 255 758 in
271 689 487 758 Hincmarum
506 690 761 760 Laudunensem
781 691 951 762 sententie
964 713 1190 785 assensurum,

127 806 194 874 nisi
208 804 300 892 prius
311 807 340 876 is
354 807 523 895 episeopus
537 827 605 874 una
618 827 695 876 curo
708 817 893 881 accusatore
905 807 1023 878 idoneo
1037 808 1191 900 Romam,

126 921 169 990 ad
181 941 314 990 oausam
326 921 511 1010 dicendam,
527 922 667 992 venisset
677 920 701 992 ¹.

172 1038 286 1108 Altera
300 1046 411 1107 autem
425 1037 600 1125 pontificali
615 1036 763 1127 epistola,
778 1038 919 1126 episcopi
932 1039 976 1109 illi
994 1036 1193 1110 Gallicarum

97 1191 104 1208 ·
125 1149 242 1220 decern
261 1152 501 1240 pmvinciarum
520 1153 577 1240 qui
601 1151 733 1222 Duriaoi
755 1152 972 1222 Hincmarum
992 1152 1193 1227 Laudunenz

125 1287 197 1336 sem
212 1267 402 1339 sacerdotali
424 1267 583 1354 dignitate
604 1278 804 1356 amoverant,
820 1269 927 1356 legero
942 1270 1191 1341 ecclesiasticam

124 1383 162 1452 in
175 1385 237 1451 hac
255 1402 290 1454 ra
304 1382 438 1452 violasse
452 1383 687 1469 arguebantur.
705 1384 757 1452 Ad
775 1384 861 1473 quod
880 1385 1088 1473 probandum
1103 1390 1193 1456 Ana·
1294 1434 1300 1446 ·

126 1498 246 1568 stasius
275 1501 336 1571 hoc
367 1506 592 1569 commentum
621 1519 735 1568 rursus
761 1501 928 1588 attulerat,
956 1521 1034 1590 quo,
1067 1500 1192 1576 Nicolai

125 1614 342 1703 temporibus,
364 1615 477 1684 solitus
494 1623 564 1684 erat
585 1614 689 1702 abuti,
706 1615 838 1703 scilicet,
859 1614 917 1683 ubi
932 1616 1005 1704 quis
1029 1637 1105 1686 reus
1122 1619 1193 1706 epi-

47 1741 49 1746 ’
126 1751 244 1816 scopus
267 1750 302 1799 se
321 1730 360 1798 ad
381 1731 491 1800 sedem
510 1731 718 1818 apostolicam
737 1731 899 1820 appellare
913 1731 1042 1820 dixerit,
1063 1732 1098 1800 in
1114 1753 1192 1804 eum

126 1845 325 1914 sententiam
345 1845 560 1934 pronuntiare
575 1865 632 1933 per
647 1845 798 1934 antiquos
818 1866 960 1918 canones
975 1867 1041 1916 non
1055 1848 1156 1918 licere
1166 1847 1190 1936 ²,

170 1960 296 2048 Itaque,
323 1961 461 2050 acceptis
485 1961 525 2030 iis
547 1961 677 2049 litteris,
703 1982 769 2029 non
789 1961 886 2030 modo
907 1960 1041 2030 Carolus
1061 1963 1191 2054 Calvus,

126 2077 368 2164 verumetiam,
384 2076 466 2146 duce
485 2077 678 2165 llinomaro,
694 2078 836 2167 episcopi
851 2077 965 2166 synodi
983 2077 1193 2150 Duriacensis

126 2214 234 2281 nuper
247 2193 432 2282 participes,
454 2195 570 2262 talium
590 2195 787 2282 scriptorum
811 2214 929 2286 papam
943 2213 1010 2262 uon
1024 2195 1192 2267 conscium

124 2307 226 2378 luisse
248 2309 473 2378 vehementius
494 2309 708 2399 suspicantes,
734 2309 779 2378 ita
804 2310 983 2379 rescribere
1009 2318 1194 2388 statuerunt

125 2436 164 2495 ut
177 2425 255 2495 huic
268 2425 448 2513 periculoso
462 2424 605 2494 ludibrio
616 2425 692 2494 finis
706 2425 838 2494 tandem
852 2426 1089 2514 imponeretur.

171 2543 257 2618 Tum
280 2542 417 2632 jubetur
431 2543 591 2612 Aetardus
610 2542 750 2611 Romam
767 2543 887 2612 iterum
907 2542 1080 2631 proficisci,
1104 2543 1192 2616 binis

123 2659 305 2730 instructus
338 2659 496 2747 epistolis,
524 2679 591 2728 una
618 2659 845 2747 episcoporum
882 2657 1017 2727 nomine
1028 2656 1054 2745 ³,
1090 2661 1191 2730 altera

155 2867 179 2919 1.
198 2864 277 2914 uNos
296 2862 322 2912 in
337 2861 486 2927 depositione
495 2861 577 2925 pilius,
598 2862 704 2926 quaudiu
726 2861 838 2928 sivimus,
854 2860 992 2916 nullatenus
1001 2863 1190 2926 consentiemus,

123 2943 169 2994 nisi
183 2942 214 2992 ad
226 2947 331 2992 nostram
343 2942 395 3006 ipsc
405 2941 518 2992 veniente
530 2942 692 3005 praesentiam,
707 2956 779 2991 cause
793 2943 846 3006 ep'us
859 2941 1014 3008 depositionis
1027 2947 1107 2996 nostro
1118 2941 1193 3003 fuerit

123 3023 233 3074 examine
248 3020 378 3084 diligenter
394 3020 509 3085 inquisita
522 3026 595 3086 atque
611 3021 712 3072 finitae
731 3020 849 3074 Hadriani
868 3022 889 3074 ll
911 3023 997 3086 Epist.
1013 3021 1051 3072 ad
1069 3022 1191 3076 Garatom

124 3103 235 3154 Calvum
245 3101 346 3165 (ldigue,
357 3107 376 3151 t.
390 3102 489 3165 CXXII,
500 3116 525 3166 p.
541 3099 622 3166 l3l6).
870 3099 874 3106 '

154 3180 420 3246 aerumnosaque
440 3187 526 3232 vestre
546 3180 717 3246 respondemus
733 3181 854 3244 charitati,
875 3183 1005 3246 quiscum
1030 3181 1145 3232 clamaret
1167 3182 1192 3240 ia

124 3262 213 3328 synodo
229 3277 255 3312 se
267 3262 297 3312 ed
312 3261 393 3312 aedem
406 3259 562 3327 apostolicam
577 3260 639 3311 velle
658 3261 823 3312 incunctanter
836 3261 928 3325 venire,
941 3268 1016 3326 atque
1028 3262 1052 3311 in
1066 3263 1192 3327 presentia

125 3345 177 3407 ejus
190 3357 233 3408 pro
245 3342 346 3405 obJectis
360 3341 406 3391 sibi
420 3341 451 3391 ab
461 3340 596 3392 adversario
610 3341 750 3393 criminibus
764 3341 916 3406 respondere,
929 3341 1088 3393 damnationis
1097 3342 1122 3391 in
1134 3357 1191 3402 eum

124 3436 171 3472 nou
185 3427 239 3472 erat
250 3420 392 3487 proferenda
405 3421 531 3472 sententia.
545 3437 558 3468 a
574 3421 690 3471 Hadriani
704 3421 725 3471 ll
746 3421 830 3486 Epist.
845 3421 882 3471 od
895 3422 972 3486 episc.
986 3422 1081 3486 synodi
1092 3423 1189 3472 Durio-

123 3502 206 3552 ccnais
234 3501 337 3566 (Migne,
360 3500 429 3564 ibid,
456 3515 481 3564 p.
506 3500 586 3564 1311).
611 3501 662 3552 Hoc
687 3499 761 3550 etiam
786 3499 916 3564 diligenter
942 3501 1116 3552 observandum
1143 3509 1189 3570 ast,

122 3581 276 3634 Anastasium
289 3580 334 3630 bac
348 3579 447 3646 epistole
464 3580 539 3646 (quod
557 3580 662 3630 noudum
679 3579 779 3645 iecerat)
798 3581 882 3632 lalsem
902 3581 1031 3647 quamdam
1047 3580 1189 3635 decretalem

123 3663 265 3712 nominatim
279 3661 366 3712 citasse
380 3675 387 3710 τ
400 3661 546 3726 «quoniam,
560 3661 601 3722 ait,
617 3661 712 3710 dicente
721 3663 812 3711 butero
826 3675 888 3726 papa
900 3662 923 3712 in
937 3661 1037 3730 epistola
1051 3677 1094 3714 sua
1103 3680 1128 3724 n,
1141 3667 1189 3715 etc.

123 3743 227 3807 (migne,
249 3741 319 3805 ibid,
340 3756 365 3806 p.
381 3743 441 3791 tata
463 3743 497 3803 b3
519 3741 551 3790 cf.
577 3741 715 3801 llinscbius,
746 3741 891 3792 Decretoles
914 3741 1188 3804 Pseudo-Isidoriunoe,

122 3837 148 3888 p.
161 3823 215 3885 152,
227 3836 248 3871 c.
263 3821 304 3886 η).
316 3823 368 3872 Nec
379 3835 465 3886 parum
476 3821 630 3872 admircrcur
641 3820 706 3872 Felix
718 3821 841 3888 Rooquain
850 3821 915 3872 hunc
929 3821 1007 3872 locum
1018 3820 1189 3886 interpolatum

123 3916 176 3954 esse
189 3900 318 3964 conjecerit
332 3899 367 3964 (r.
382 3901 490 3950 Journal
501 3901 546 3952 des
558 3903 671 3965 savants,
683 3916 706 3950 a.
723 3903 794 3965 taso,
812 3915 838 3967 p.
852 3903 906 3966 611,
921 3917 946 3954 a.
962 3901 997 3964 ³).
1011 3901 1111 3950 Nullum
1123 3900 1189 3960 enini

122 3986 294 4044 argumentum
308 3978 398 4044 attulit,
410 3981 456 4030 nisi
472 3981 528 4045 quia
542 3995 570 4030 er
583 3981 628 4030 hoo
643 3981 751 4046 exemplo
766 3987 887 4030 corrueret
903 3981 944 4030 ille
956 3980 1036 4045 opinio
1050 3994 1122 4045 quam
1138 3979 1189 4046 ipse

123 4063 212 4112 frustra
219 4060 328 4111 tentabat
340 4061 490 4124 confirmare,
504 4061 575 4110 salsas
591 4061 702 4112 videlicet
716 4060 846 4111 decretales
859 4061 884 4110 in
897 4060 1008 4113 manibus
1025 4063 1188 4114 Romanorum

124 4149 176 4192 tum
190 4141 305 4206 temporis
316 4155 362 4191 uon
373 4140 455 4192 inisse.

154 4225 178 4274 3.
196 4224 279 4274 Exstat
292 4221 401 4286 quidem,
417 4220 460 4272 sed
473 4236 521 4272 non
532 4222 635 4284 integra,
652 4238 691 4288 ap.
705 4221 819 4276 sirmond
838 4220 964 4285 (Concilio
982 4219 1083 4288 Gallio,
1106 4229 1126 4274 t.
1142 4221 1187 4293 iil,

124 4303 253 4367 111031).
267 4301 305 4354 Gi.
316 4301 404 4366 Colati,
419 4308 438 4351 t.
453 4304 486 4368 X,
500 4317 524 4367 p.
545 4305 604 4356 1198
614 4304 679 4355 C-D.
