2954 5050
472 473 635 525 etunius
657 475 900 526 oscurvuvrun
1174 481 1217 530 lll

140 615 363 704 suadejectus
387 625 484 701 esset,
509 627 623 685 utrum
649 617 783 686 Photius
809 617 886 708 jure
910 640 952 688 an
978 619 1099 708 injuria
1128 621 1217 689 illius

139 732 257 799 locum
269 742 452 819 occuparet.
470 731 525 800 Ad
538 753 638 819 quam
647 732 866 802 dirimendam
881 735 985 822 litem,
999 735 1166 824 NicolauS,
1180 747 1217 804 ut

40 845 43 850 ’
138 849 284 933 solebat,
304 847 361 934 jus
382 846 607 915 Romanorum
631 849 822 935 pontificum
848 851 1002 938 evocavit,
1023 851 1216 939 irritamque

138 961 267 1048 Ignatii
290 961 482 1049 ejectionem
497 962 531 1028 in
546 962 662 1050 primis
678 963 719 1030 ob
739 984 812 1032 eam
827 985 960 1032 causam
974 967 1215 1054 pronuntiavit,

140 1073 235 1160 quod
263 1074 319 1140 illa
345 1072 474 1160 injussu
496 1073 781 1160 sedisapostolicae
809 1073 891 1143 iacta
919 1075 1060 1144 luerat'.
1082 1077 1128 1146 Ex
1148 1100 1217 1166 qua

139 1190 219 1274 lege
246 1188 278 1254 id
304 1188 369 1254 dici
397 1188 525 1256 licuerit
551 1209 619 1255 uon
642 1209 792 1257 mearum
818 1191 961 1278 partium
978 1202 1033 1272 ¹est
1056 1214 1215 1281 quaerere,

140 1323 339 1392 quanquam
371 1324 437 1371 non
468 1303 582 1371 dubito
613 1304 693 1392 quin
729 1325 767 1374 ea
799 1307 962 1375 sententia
988 1309 1086 1377 certis
1116 1309 1216 1377 etiam

140 1419 303 1505 exemplis
318 1419 606 1506 monumentisque
618 1419 746 1488 defendi
760 1421 919 1508 potuisset
934 1422 1115 1511 (agebatur
1127 1425 1216 1492 enirn

143 1534 189 1602 de
213 1532 336 1621 judicio
359 1534 559 1620 patriarchae,
583 1555 649 1603 non
673 1535 713 1604 de
732 1535 971 1624 cujuscumque
991 1538 1165 1629 episcopi),
1188 1541 1215 1608 si

143 1647 263 1716 luisset
276 1648 405 1729 Nicolao
424 1650 604 1738 epistolaris
626 1651 743 1739 aliquis
763 1652 906 1738 probior.
928 1654 1122 1722 Anastasius
1141 1676 1215 1742 pro-

144 1762 231 1832 fecto
257 1764 377 1833 Graecis
399 1766 574 1854 objurgare
600 1786 664 1833 non
690 1767 796 1855 potuit
821 1769 907 1854 quod
931 1768 1107 1851 decretales
1128 1772 1216 1838 auti-

145 1901 289 1968 quorurn
313 1900 471 1968 paparum
496 1881 726 1968 neglexissent,
747 1882 869 1950 sciebat
890 1883 980 1950 enirn
1002 1884 1036 1951 iu
1061 1885 1214 1953 manibus

145 2016 264 2064 eorum
278 1999 346 2064 baec
361 1996 480 2084 scripta
497 2017 565 2064 nou
583 2016 670 2084 esse3
694 2007 836 2066 ettamen
850 1999 942 2066 solita
958 1999 1132 2067 calliditate
1147 2022 1215 2067 non

145 2112 354 2198 temperavit,
371 2133 539 2198 causaeque
558 2111 651 2180 bonae
663 2112 822 2180 damnum
836 2113 1044 2201 improbitate
1057 2135 1114 2182 sua
1127 2113 1212 2184 lecit.

195 2224 319 2294 Omitto
342 2247 440 2312 quam
460 2247 544 2314 saepe
558 2227 752 2296 Anastasius
768 2238 881 2296 contra
897 2228 1026 2297 Graecos
1047 2251 1214 2299 commen·

147 2342 226 2409 ticia
251 2342 305 2409 illa
327 2342 462 2409 coucilia
488 2343 642 2430 fictasque
668 2344 872 2411 narrationes
897 2345 1117 2432 praetenderit,
1142 2367 1215 2433 quar

147 2456 246 2543 olim,
270 2457 309 2523 ad
337 2457 560 2524 auctoritatem
592 2457 678 2525 sedis
713 2459 894 2546 apostolicae
923 2461 1210 2547 propugnandam,

146 2571 289 2638 Romani
304 2571 438 2657 quidam
454 2573 675 2640 confinxerant
685 2571 712 2640 ².
728 2572 885 2653 Quamvis
903 2574 993 2642 enim
1012 2595 1123 2663 nemo,
1138 2587 1212 2644 anto

148 2685 375 2772 Anastasium,
390 2687 512 2754 litteras
527 2687 716 2774 apostolicas
736 2688 787 2755 bis
806 2687 935 2775 scriptis
953 2699 1021 2755 tam
1034 2710 1118 2776 saepe
1135 2690 1212 2758 inse-

148 2800 281 2884 cisset³,
298 2810 421 2888 tamen,
437 2822 513 2869 cum
527 2822 565 2872 ea
579 2802 614 2868 in
629 2803 762 2870 ecclesia
776 2803 924 2871 Romana
936 2803 1132 2891 jamdudum
1145 2807 1210 2872 vul·

179 2974 202 3020 l.
222 2971 301 3030 Quem
323 2970 454 3033 rationem,
475 2975 501 3032 ut
525 2970 628 3034 primum
649 2985 720 3034 causa
738 2970 818 3020 delata
839 2977 876 3022 est
894 2972 924 3022 ad
946 2971 1027 3022 sedeur
1046 2972 1212 3037 apostolicam,

148 3050 288 3100 Anastasius
312 3049 425 3099 llicbaeli
451 3051 589 3115 imperatori
616 3050 707 3100 Nicolai
735 3051 830 3101 nomine
856 3052 988 3102 rescribens
1016 3053 1144 3102 ostentavit
1169 3054 1213 3103 boc

148 3130 218 3179 ruodo
234 3149 241 3179 ι
257 3145 271 3176 u
331 3130 454 3180 Multoties
470 3137 600 3180 conventus
614 3132 691 3180 factus
705 3130 777 3180 luerit
788 3138 924 3181 sanctorum
939 3139 1043 3197 patrum,
1058 3149 1072 3183 a
1089 3134 1176 3198 quibus
1189 3140 1214 3184 el

148 3209 304 3260 deliberatum
319 3225 346 3258 ac
359 3210 511 3259 observatum
526 3210 615 3273 existit,
630 3210 735 3274 qualiter
754 3212 846 3276 absque
859 3214 972 3262 Romanae
985 3213 1054 3263 Sedis
1065 3215 1213 3280 Romanique

149 3291 268 3355 pontilicis
282 3305 407 3350 consensu,
422 3289 511 3339 nullius
528 3291 675 3352 insurgentis
690 3291 869 3342 deliberationis
883 3294 1001 3342 terminus
1016 3293 1121 3344 daretur.
1136 3296 1213 3358 Igitur

148 3386 162 3419 a
181 3371 250 3419 vobis
269 3370 475 3434 Constantinopoli
493 3377 666 3432 congregatum
686 3371 814 3420 concilium
837 3376 874 3432 (ut
893 3374 980 3422 vestris
1001 3373 1110 3438 apicibus
1125 3374 1212 3422 nostris

149 3450 285 3500 intimatum
299 3455 337 3498 est
352 3449 458 3513 auribus)
473 3449 545 3512 hujus
558 3451 647 3499 tenoris
659 3451 744 3500 seriem
758 3450 943 3515 parvipendens,
959 3452 989 3500 ab
1003 3452 1118 3501 institutis
1141 3467 1213 3516 supra

149 3530 217 3579 dietis
232 3545 328 3578 manum
341 3529 538 3580 considerationis
549 3545 598 3578 sua
612 3530 733 3579 reflectere
748 3547 795 3580 non
810 3531 940 3596 trepidavit
955 3552 961 3582 r
975 3533 1035 3582 adeo
1049 3538 1075 3580 ut
1089 3532 1210 3594 Ignatiurn

150 3624 218 3674 supra
229 3611 281 3672 jam
292 3610 419 3659 nominato
432 3610 498 3658 urbis
507 3609 667 3672 patriarcham
679 3611 729 3659 sine
745 3613 843 3660 llornaui
858 3612 967 3661 consultu
978 3613 1105 3676 pontilicis,
1122 3611 1211 3660 ibidem

151 3696 220 3740 eoetus
241 3690 393 3752 conveniens,
415 3689 509 3754 proprio
531 3691 647 3752 privasset
668 3691 764 3740 bonore.
787 3691 856 3751 Quod
881 3707 954 3757 quarn
974 3693 1005 3740 sit
1028 3691 1212 3756 reprehensione

151 3769 249 3829 dignum
260 3788 284 3830 n,
299 3775 346 3818 etc.
361 3768 452 3818 Nicolai
468 3770 549 3832 Epist.
563 3769 625 3819 lad
641 3769 790 3820 Mr'clruelem
806 3770 902 3835 (Coleti,
915 3777 933 3820 t.
948 3773 993 3833 lll,
1006 3786 1031 3834 p.
1046 3772 1125 3834 1291).

178 3847 201 3898 t.
230 3849 324 3912 Scripta
347 3848 461 3912 pleraque
484 3864 538 3912 quae
560 3839 757 3914 symmachinae
783 3851 927 3916 apompptva
956 3857 1079 3912 vocantur,
1103 3855 1212 3900 auctores

152 3929 258 3978 habuisse
278 3929 397 3976 Romanos
421 3929 569 3977 confirmavit
597 3928 689 3978 Ludov.
715 3931 841 3980 Duchesne
863 3931 901 3995 (v.
922 3915 1006 3979 Etude
1026 3946 1072 3980 sur·
1094 3930 1118 3979 le
1139 3931 1212 3980 liter

149 4007 315 4072 pontificatis,
328 4007 409 4071 Paris,
426 4010 494 4067 lert,
510 4023 534 4071 p.
551 4011 596 4058 175
610 4013 684 4072 sqq.).
700 4011 756 4058 Hac
775 4016 831 4058 suut
845 4025 884 4073 ap.
900 4011 991 4070 Migne,
1008 4010 1035 4058 P.
1053 4009 1092 4072 l.,
1104 4015 1124 4059 t.
1138 4011 1173 4059 Vl
1188 4018 1213 4060 et

152 4089 215 4150 Vlll,
231 4092 256 4136 et
268 4103 308 4152 ap.
322 4089 446 4150 Constant,
461 4089 546 4153 Epist.
558 4089 629 4138 Rom.
639 4090 744 4152 pontifi,
760 4089 785 4137 in
795 4087 942 4152 appendice.

179 4171 203 4218 3.
220 4170 284 4218 ncta
299 4168 414 4218 silvestri
428 4169 458 4217 ab
478 4183 506 4217 eo
520 4183 628 4218 sermone
649 4184 767 4228 removeo,
790 4183 853 4231 qnae,
877 4174 933 4216 ante
947 4170 1132 4231 Symmaclriana
1153 4187 1212 4236 apo-

154 4249 236 4313 crypha
249 4247 345 4313 alioque
358 4248 465 4309 consilio,
490 4247 514 4296 in
531 4249 652 4312 Armenia,
667 4259 693 4297 ut
707 4247 845 4297 verisimile
862 4254 906 4310 est,
919 4249 1026 4298 conlecta
1041 4257 1096 4300 suut
1110 4251 1142 4316 (v.
1160 4253 1213 4302 Du-

155 4328 244 4390 chesne,
257 4334 296 4392 op'.
308 4328 359 4389 cit,
372 4343 396 4392 p.
411 4330 538 4390 tat-173„
554 4344 606 4393 quac
620 4328 719 4393 qnidenr
727 4330 776 4390 janr
793 4329 880 4376 summi
894 4329 1017 4402 pontillces
1029 4330 1053 4378 in
1068 4329 1153 4382 litteris
1163 4333 1213 4380 suis
1230 4331 1232 4336 '

1060 4421 1088 4470 12
