3006 5050
287 412 336 464 ott
355 409 523 462 amoeno
545 411 641 462 Part
662 412 673 462 l
694 410 863 470 elusone
882 409 1161 463 dellblllRlBUS
1224 411 1253 460 83

195 575 231 624 er
246 553 292 620 eis
306 552 407 620 lactus
422 561 471 621 est
484 551 675 639 proditionis
688 551 891 638 manifestus,
907 553 1207 641 condemnatosque
1221 562 1253 622 et

196 669 381 756 episcopatu
406 665 577 754 dejectus..
597 666 646 735 De
674 666 862 736 Rhadoaldo
885 667 1035 736 Nicotaus
1059 669 1254 736 sententiam

194 783 270 852 ferri
306 783 447 851 uoluit:
478 782 599 870 aquia,
626 782 688 869 ait,
713 794 844 872 propter
870 783 1052 851 absentiam
1078 782 1191 852 baberi
1213 785 1254 852 ad

195 917 337 986 presens
352 917 418 965 non
434 894 591 983 poterat¹.
608 919 625 962 u

238 1011 328 1080 Nihil
340 1020 389 1080 est
405 1010 550 1100 quidem,
566 1031 640 1079 meo
652 1010 790 1098 jndicio,
803 1012 890 1099 quod
902 1011 1052 1080 Nicotaus
1067 1011 1083 1078 Ι
1098 1022 1255 1100 arguatur

195 1127 355 1194 malitiose
377 1127 413 1192 in
434 1129 494 1194 hac
519 1147 551 1194 re
575 1127 692 1214 egisse,
717 1135 818 1213 utque
841 1147 859 1194 a
883 1129 950 1196 solo
964 1126 1117 1196 Zacharia
1144 1149 1254 1216 paenas

196 1254 356 1328 sumeret,
390 1251 587 1328 exspectasse
615 1263 651 1308 aa
686 1241 847 1310 industria
873 1243 954 1310 dum
985 1244 1097 1336 procul
1129 1243 1256 1312 abesset

195 1356 416 1426 Rhadoaldus.
441 1356 508 1424 Nec
528 1366 639 1424 tamen
659 1358 737 1424 satis
758 1366 819 1445 est,
840 1358 881 1426 ed
906 1378 979 1426 eam
1001 1378 1071 1425 rem
1093 1359 1256 1446 explican-

196 1472 285 1552 dam,
297 1471 331 1538 id
345 1471 433 1559 quod
443 1470 583 1558 pontifex
594 1471 634 1538 de
647 1491 682 1540 se
697 1491 820 1559 suaque
833 1471 935 1540 animi
947 1473 1201 1542 commutatione
1216 1474 1256 1540 ad

196 1585 393 1674 Byzantinos
409 1585 507 1654 scribi
521 1584 647 1674 jussit²,
671 1587 815 1672 primum
831 1587 945 1674 legatis
965 1587 1033 1655 suis
1049 1587 1174 1656 illatum
1191 1589 1257 1655 cri·

195 1805 250 1864 poet
263 1812 386 1858 egressum
398 1799 474 1847 Roma
483 1797 657 1861 abolendum,
667 1798 815 1848 voluntatem
826 1798 990 1848 immutaverit
1001 1798 1125 1862 Nicolans3
1139 1799 1257 1864 siquidem

195 1879 321 1943 episcopus
341 1877 479 1927 Portuensia
498 1892 546 1927 non
567 1877 592 1926 in
609 1879 734 1928 Franciam
757 1877 876 1943 proiectus
897 1884 933 1928 eat
955 1883 1012 1928 ante
1035 1877 1100 1928 diem
1122 1879 1258 1930 dimensis

196 1958 334 2009 novembris
346 1970 371 2007 a.
386 1960 441 2007 862.
455 1959 486 2008 V.
501 1972 583 2022 supra,
597 1973 623 2022 p.
635 1960 674 2018 8⁰,
689 1973 715 2007 n.
726 1959 750 2008 l.

228 2042 251 2088 t.
269 2037 385 2088 rudiatur
394 2038 424 2087 da
435 2037 473 2086 bis
483 2037 601 2098 Nicotaus,
612 2039 680 2100 cujus
690 2038 714 2086 in
723 2037 811 2088 litteris
820 2038 854 2086 sic
863 2043 972 2087 narratur
979 2052 1007 2088 er
1017 2052 1064 2102 quo
1071 2045 1096 2088 et
1104 2037 1197 2103 quaudo
1208 2037 1259 2103 ipse

194 2119 332 2181 legatorum
344 2131 440 2168 auorum
449 2118 595 2182 perspexerit
606 2116 693 2182 scelus,
705 2133 757 2182 cur,
771 2118 870 2167 absente
882 2117 1029 2177 libadoaldo,
1045 2119 1067 2168 in
1078 2119 1154 2168 solum
1165 2119 1258 2170 Zacha-

195 2199 255 2248 riam
269 2199 397 2248 statuerit:
414 2214 427 2245 u
437 2196 486 2248 Sed
499 2197 643 2261 procedente
654 2204 772 2261 tempore,
785 2212 894 2248 murmur
903 2197 1034 2247 multorum
1044 2199 1075 2248 ab
1086 2197 1139 2249 aliis
1150 2199 1259 2263 partibus

195 2281 298 2330 Romam
316 2277 474 2341 venientium,
495 2277 628 2341 quinimmo
652 2278 829 2342 persecutiones
849 2293 864 2327 a
885 2277 1017 2327 fautoribus
1033 2279 1113 2330 Photil
1127 2286 1259 2330 commotas

196 2358 350 2421 fugientium,
364 2358 452 2408 sensim
465 2356 561 2406 eosdem
579 2359 651 2421 coepit
668 2359 791 2422 episcopos
806 2358 945 2407 muneribus
959 2357 1033 2408 luisse
1048 2365 1172 2424 corruptus
1190 2359 1260 2409 dilla-

197 2453 272 2503 mare,
289 2448 314 2488 et
326 2437 388 2502 quod
402 2437 616 2486 communicassent
637 2437 731 2501 rhetia,
750 2444 776 2488 et
793 2436 959 2503 deposuissent
975 2439 1107 2502 lgnatium,
1126 2438 1258 2502 divulgare.

196 2520 247 2579 Quo
265 2517 356 2579 andito,
377 2517 452 2570 nimio
474 2517 555 2567 dolore
580 2516 673 2582 repleti,
698 2517 800 2582 qualiter
823 2518 853 2566 ab
877 2517 983 2568 Ecclesia
1001 2519 1101 2582 Christi,
1121 2520 1159 2570 cui
1178 2521 1261 2570 divina

196 2599 336 2660 dignatione
351 2612 492 2661 presumas,
506 2611 553 2646 non
564 2597 669 2646 habente
689 2597 816 2660 maculam,
830 2603 871 2646 aut
885 2612 980 2662 rugam,
998 2603 1040 2647 aut
1061 2598 1152 2663 aliquid
1174 2599 1258 2662 badas-

197 2677 271 2740 modi,
296 2677 418 2727 sinistram
441 2675 522 2741 procul
542 2677 674 2726 lacrremus
691 2677 858 2740 suspicionem,
876 2676 996 2739 videlicet,
1013 2693 1044 2726 ne
1058 2678 1084 2726 in
1099 2679 1160 2726 banc
1178 2679 1260 2729 saltim

195 2759 277 2809 tenuis
290 2757 451 2806 subsannandi
465 2757 568 2806 oriretur
588 2758 687 2820 occasio,
708 2758 813 2818 cogitare
831 2757 954 2822 cepimus,
976 2764 1002 2806 et
1024 2763 1104 2807 mente
1126 2757 1257 2811 revolvere.

197 2840 266 2912 Time
289 2843 418 2888 convocato
438 2836 566 2887 multarum
585 2836 761 2900 provinciarum
787 2835 969 2886 occidentalium
993 2837 1118 2898 regionum
1137 2837 1257 2886 sanctissi-

198 2932 293 2966 morum
308 2917 473 2981 episcoporum
487 2922 557 2976 coetu,
577 2922 602 2965 et
621 2915 720 2965 collecta
735 2922 816 2966 sancta
828 2916 916 2980 synodo
940 2917 965 2965 in
985 2915 1156 2981 acclamabat,
1175 2917 1260 2982 inqua
1354 2931 1356 2936 ’

198 2998 285 3046 beatus
307 2998 394 3047 Petrus
417 2996 576 3061 apostolorum
598 2996 708 3060 princeps
732 2995 823 3045 redolet
844 3001 868 3045 et
894 2996 1024 3046 virtutibus
1051 2997 1146 3062 emicat,
1175 2996 1261 3048 deinde

197 3084 296 3142 propter
317 3075 465 3138 {rigidiorem
483 3074 561 3126 locum
582 3076 605 3124 in
627 3075 875 3135 ecclesiaSalvatorie‚
891 3090 945 3140 qua
964 3076 995 3125 ab
1010 3083 1106 3127 auctore
1125 3078 1260 3142 appellatur

198 3156 396 3207 Corratantiniana
413 3162 438 3205 et
458 3171 512 3220 qua
532 3156 610 3221 prima
633 3156 658 3203 in
680 3161 729 3204 toto
747 3160 865 3204 terrarum
885 3155 943 3204 orbe
958 3161 1094 3206 constructa
1112 3164 1157 3217 est,
1177 3157 1259 3222 ibique

199 3236 305 3286 recitatis
316 3235 427 3285 omnibus
437 3235 561 3300 scripturis
577 3235 607 3285 de
621 3249 697 3296 greco
711 3249 819 3284 semiana
834 3234 859 3283 in
872 3234 973 3284 latinum
984 3237 1113 3300 conversio,
1127 3243 1178 3286 tam
1191 3237 1259 3286 vide·

198 3315 257 3366 licet
278 3315 379 3364 retanda
397 3315 496 3380 synodo,
515 3328 568 3378 quar
585 3329 628 3378 per
642 3315 693 3377 jam
714 3313 789 3363 latum
808 3315 913 3363 Leonem
926 3330 940 3364 a
954 3317 1052 3366 secretis
1063 3317 1196 3381 apostolicae
1209 3316 1259 3366 sedi

198 3395 277 3444 delata
285 3400 331 3456 est,
340 3409 414 3458 quam
421 3395 493 3444 etiam
501 3393 618 3456 imperiali
626 3392 726 3457 epistola
736 3407 742 3442 :
754 3393 778 3441 in
788 3393 874 3457 quibus
881 3393 991 3443 omnibus
1001 3395 1137 3446 existimata
1143 3395 1259 3461 depositio

199 3474 288 3535 ignatii
301 3474 480 3530 continebatur3
503 3478 528 3522 et
545 3472 661 3522 deductus
674 3472 699 3520 in
718 3473 823 3522 medium
836 3473 962 3524 Zacharias
976 3481 1034 3524 tunc
1054 3476 1188 3539 episcopus,
1202 3475 1259 3538 quia

198 3553 351 3604 libadoaldus
364 3559 461 3618 pmpter
471 3552 605 3602 absentiam
616 3551 698 3601 haberi
713 3552 743 3601 ad
754 3567 859 3616 presens
874 3568 921 3603 non
936 3560 1040 3618 poterat,
1053 3562 1077 3605 et
1091 3554 1219 3616 discussus,
1235 3561 1260 3605 et

200 3632 329 3695 diligenter
352 3633 506 3692 examinatus,
529 3632 638 3681 iuventus
660 3636 697 3680 ast
723 3631 747 3679 in
768 3632 916 3696 depositione
938 3635 1027 3696 lgnatii
1045 3640 1070 3684 et
1093 3633 1259 3684 communione

199 3713 280 3764 Photii
292 3713 387 3762 omnino
401 3711 534 3776 culpabilis,
547 3713 572 3760 in
594 3725 643 3777 quo
662 3711 725 3760 idem
748 3712 874 3762 Zacharias
894 3728 920 3763 se
940 3715 1066 3764 obnoxium
1090 3727 1260 3775 recognoscens

200 3793 296 3858 proprio
309 3807 350 3842 ore
363 3807 391 3841 ac
405 3793 498 3857 proprio
512 3792 639 3856 scriptore
656 3791 885 3856 Constantinopolim
898 3793 980 3844 asede
1001 3793 1128 3858 apostolica
1141 3792 1258 3842 directum

201 3873 259 3922 iisse
270 3878 295 3922 et
303 3887 357 3936 qne
368 3871 413 3921 sibi
425 3887 440 3921 a
453 3871 522 3920 nobis
532 3870 627 3933 agenda
635 3871 730 3921 tuerent
743 3872 852 3934 injuncta
864 3872 1029 3934 neglexisse...
1042 3874 1109 3923 'l'unc
1118 3871 1260 3924 decernente

201 3957 283 4000 sancta
302 3950 426 4000 nobiscum
445 3950 544 4014 synodo,
565 3949 722 4014 depositionis
735 3956 761 4000 et
781 3950 1031 4001 excommunicationis
1046 3966 1095 4001 suaa
1117 3951 1260 4002 sententiam

202 4031 314 4094 prelatus
328 4030 454 4082 Zacharias
466 4030 594 4094 accipiens,
609 4029 703 4080 foveam
713 4044 787 4094 quam
801 4030 854 4080 allis
875 4031 1014 4095 preparavit
1033 4031 1149 4082 incidit.»
1167 4031 1260 4084 Nicolai

201 4111 286 4175 Epist.
307 4110 344 4160 ad
359 4110 421 4160 cler.
446 4109 532 4160 Cenat.
557 4108 653 4174 (Goleti,
672 4115 692 4159 t.
713 4111 755 4173 tx,
770 4125 793 4175 p.
810 4110 889 4175 1375).
902 4111 941 4161 Cl.
957 4110 1040 4174 Epist.
1053 4111 1090 4161 ad
1103 4111 1199 4163 Oriacl.
1211 4129 1260 4180 po·

204 4189 332 4240 triarchas
344 4187 424 4252 (ibid,
440 4204 466 4254 p.
479 4189 636 4254 tattaeus).

234 4270 258 4318 2.
275 4271 308 4320 V.
321 4269 410 4319 Nicolai
424 4270 506 4334 Eptat.
522 4270 558 4319 cd
569 4269 631 4320 cler.
652 4269 736 4320 Currat.
751 4269 833 4334 (ibid,
847 4275 871 4320 et
882 4285 952 4334 supra
967 4270 992 4320 in
1006 4286 1031 4321 a.
1042 4272 1076 4335 t).
