3006 5050
476 481 641 534 PLENiUS
662 480 908 533 osruuntrun
1182 484 1227 534 ¹2⁹

161 623 297 714 preda:
321 622 394 713 ejus
420 622 510 694 enim
535 623 744 712 sagacitatem
770 634 803 692 et
828 623 1017 694 firmitatem
1044 625 1140 694 multi
1166 645 1227 694 suo

160 739 280 809 damno
303 758 449 827 sensere,
470 759 577 828 neque
597 737 738 808 drabium
752 749 801 809 est
815 738 909 828 quin,
925 759 1001 808 cum
1015 739 1224 824 Anastasius,

159 876 197 924 er
211 854 282 944 ejus
293 874 431 943 persona
443 854 603 942 scribens,
624 873 717 942 reges
731 853 890 943 quosdam
902 863 960 923 ant
977 854 1144 944 episcopos
1158 865 1227 925 tam

158 971 302 1056 graviter
315 969 511 1058 increparet,
526 971 595 1038 baec
611 967 744 1038 Ninolao
762 978 856 1058 grata
876 968 1001 1042 fuerint
1023 979 1056 1040 et
1077 969 1225 1058 probata.

160 1083 226 1154 Sed
246 1085 321 1172 quis
343 1083 474 1172 ignorat
488 1083 574 1153 viros
593 1084 731 1172 aliquos,
753 1082 788 1152 in
812 1086 930 1154 ceteris
953 1086 1052 1155 rebus
1074 1094 1107 1155 et
1128 1083 1228 1156 tortas

160 1201 271 1271 animo
285 1210 318 1272 et
332 1201 465 1289 ingenio
476 1200 690 1289 perspicaces,
706 1200 838 1271 eosdem
852 1221 936 1291 saepe
953 1221 1031 1271 cum
1049 1201 1118 1272 suis
1131 1200 1229 1270 iami-

158 1317 294 1386 liaribus
311 1327 344 1386 et
358 1315 471 1385 amicis
487 1325 519 1384 et
536 1335 633 1403 agere
653 1314 845 1404 benignius,
864 1327 897 1385 et
917 1316 1080 1386 confidere
1101 1316 1229 1386 tutius?

158 1437 247 1506 Num
260 1435 413 1505 Nicolaus
424 1433 584 1504 unusiuit
595 1434 747 1503 omnium
757 1455 930 1524 paparum,
943 1435 1001 1524 qni
1013 1438 1132 1506 soleret
1146 1446 1229 1506 stre·

160 1572 228 1620 nne
245 1561 277 1621 et
292 1550 443 1621 ferociter
462 1552 565 1640 loqui,
587 1570 778 1639 quanquam
794 1561 879 1620 esset
899 1551 935 1621 in
956 1573 1033 1621 suos
1054 1552 1229 1650 indulgen·

159 1666 246 1735 tior?
272 1667 346 1735 Huc
369 1665 452 1736 adde
476 1665 564 1754 quod
587 1665 617 1734 is
641 1665 799 1754 pontifex,
828 1686 894 1754 quo
918 1665 1078 1756 majorem
1099 1677 1230 1756 ceperat

160 1781 351 1870 opinionem
362 1781 529 1870 potestatis
543 1801 622 1869 suae,
633 1800 673 1849 eo
682 1780 794 1850 minus
803 1781 1015 1852 Anastasium
1025 1783 1120 1868 cavit,
1130 1781 1225 1872 cnjus

160 1895 225 1964 init
238 1916 289 1964 ars
305 1896 480 1985 precipua,
493 1894 573 1965 dum
586 1895 735 1983 regnarit
750 1894 915 1986 NicolauS,
931 1898 1229 1986 propugnationem

161 2011 249 2082 sedis
264 2011 446 2100 apostolice
459 2020 637 2081 ostentare.

207 2125 251 2196 Ii.
275 2127 347 2196 Hoc
366 2127 457 2197 eninr
476 2127 622 2216 primurn
644 2147 818 2215 ponamus,
839 2125 874 2195 in
896 2125 1077 2196 scribendis
1104 2123 1228 2195 Nicolai

159 2242 291 2330 litteris,
310 2242 523 2311 Anastasiurn
544 2249 651 2310 totum
671 2241 739 2310 iere
758 2241 857 2311 fuisse
875 2261 1075 2330 omnemque
1094 2261 1228 2329 operam

162 2372 198 2432 et
210 2360 429 2430 eruditionem
448 2380 542 2430 suam
562 2359 603 2428 ad
622 2359 655 2427 id
672 2360 926 2448 consumpsisse,
944 2371 983 2429 ut
1000 2359 1227 2430 Romanorum

162 2475 356 2566 pontificum
365 2474 443 2563 jura
457 2484 489 2544 et
503 2473 728 2543 auctoritatem
742 2474 945 2562 praedicaret.

209 2591 306 2677 Nam,
333 2599 371 2657 ut
394 2588 462 2678 jam
480 2588 563 2658 illud
583 2588 812 2658 animadvertit
837 2590 995 2660 Ernestus
1018 2589 1192 2670 Dttmmler
1202 2588 1227 2680 ¹,

162 2705 325 2794 quamvis,
349 2705 481 2773 Nicolao
500 2725 583 2793 papa
603 2703 632 2792 1,
657 2704 743 2773 inter
766 2705 937 2774 catholicos
955 2704 1137 2774 exstiterint
1156 2705 1227 2774 aliae

162 2819 314 2909 quaedam
333 2820 559 2888 controversiae
575 2839 647 2908 quae
666 2819 808 2888 maxime
834 2820 875 2888 ed
902 2819 1113 2888 christianam
1127 2818 1227 2887 fidem

162 2937 349 3024 pertinent,
380 2934 421 3002 de
443 2935 494 3003 his
518 2943 630 3003 tamen
655 2934 890 3023 questionibus
912 2945 969 3003 aut
989 2933 1071 3003 nihil
1095 2954 1228 3022 prorsus

163 3053 200 3119 in
220 3051 363 3138 epistolis
383 3049 454 3138 ejus
476 3069 566 3137 papae
588 3068 658 3119 esse
678 3049 932 3137 decretumque
952 3050 982 3118 si
999 3070 1064 3136 qua
1082 3049 1157 3118 data
1180 3058 1229 3119 est

165 3165 327 3234 sententia
342 3165 427 3233 hanc
434 3163 551 3253 jejune
566 3185 602 3234 ac
617 3165 688 3233 sine
709 3165 776 3232 ullo
795 3173 951 3253 apparatu
963 3165 1090 3233 erudito
1107 3164 1229 3234 dictam

163 3278 285 3369 fuisse3
310 3279 449 3368 quodsi
474 3300 550 3349 vero
582 3280 772 3348 institutum
804 3280 1027 3348 ecclesiasticae
1062 3280 1229 3369 potestatis

164 3387 287 3473 agitur,
314 3407 355 3454 an
380 3386 561 3474 presertim
586 3406 700 3455 omnes
726 3406 831 3455 causae
855 3394 887 3453 et
907 3384 1030 3474 judicie
1054 3386 1093 3454 ad
1118 3387 1230 3455 sedem

163 3501 348 3570 Romanam
364 3499 533 3569 referenda
548 3501 627 3588 sint,
645 3501 835 3589 scriptorem
854 3501 947 3568 illum
966 3501 1170 3589 pontificium
1193 3501 1229 3568 in

164 3637 205 3685 eo
225 3636 346 3702 genere
365 3615 554 3702 disputandi
573 3626 606 3684 et
622 3615 827 3703 frequentem
841 3615 941 3684 inisse
959 3626 991 3684 et
1007 3617 1119 3685 multis
1133 3636 1230 3702 argu·

163 3732 287 3801 mentis
323 3730 542 3800 uberrimum.
577 3729 667 3798 Nihil
702 3731 791 3799 enim
826 3731 860 3798 in
894 3731 1009 3799 litteris
1034 3730 1159 3799 Nicolai
1189 3729 1229 3799 de

162 3845 459 3915 Praedcsticatione
484 3846 643 3934 scriptum
673 3855 734 3934 est,
756 3845 879 3914 famosa
910 3847 965 3914 illa
997 3846 1228 3934 controversia,

162 3983 230 4050 qua
256 3959 478 4049 tomacellis,
502 3958 703 4029 Gothescalci
737 3982 847 4049 causa,
872 3959 1103 4043 turbabantur,
1128 3981 1230 4047 quam

164 4074 250 4145 Gelli
272 4077 425 4166 episcopi,
448 4076 484 4144 in
509 4076 597 4145 varia
619 4075 726 4146 studia
750 4075 993 4162 sententiasque
1006 4073 1150 4163 deducti,
1174 4076 1230 4146 alii

238 4336 270 4385 V.
285 4335 314 4386 Ε.
329 4336 463 4398 Dimmler,
479 4333 623 4386 Gescbt'cbte
634 4333 680 4385 des
693 4329 899 4395 ostfrttnkiscben
911 4330 1006 4396 ticinis,
1017 4337 1036 4385 t.
1049 4332 1070 4398 1,
1086 4347 1110 4397 p.
1126 4334 1180 4385 652.

1093 4425 1107 4472 9
