3006 5050
261 439 307 489 626
461 438 700 490 ANASTASIUS
720 439 879 490 NlCOth
900 441 910 489 l
935 439 1117 491 thTEilAS

260 601 374 671 quom,
400 592 446 649 est
466 591 504 648 ut
530 591 605 649 onte
623 603 754 648 omnem
779 581 1035 652 controversiam
1059 603 1197 650 oaorem
1219 583 1326 672 consi·

259 705 379 783 tector,
392 695 423 763 si
430 695 517 764 hooc
530 707 568 762 ot
581 695 780 764 moechatam
796 695 1020 787 impetendam
1031 695 1255 766 scismati»
1277 698 1327 766 lie

259 811 483 898 quiquidem
512 813 795 899 argumentatione
834 812 1071 897 animadvertas
1098 813 1197 880 etiam
1225 813 1351 900 velim,

257 927 396 994 illumin
411 946 447 996 re
462 927 536 995 fieta
548 928 656 1015 aliqua
670 948 708 996 er
722 936 812 1015 perte
824 928 898 1016 niti,
910 909 1018 1014 idest,
1039 948 1110 998 esse
1123 928 1324 997 adulterium

258 1040 345 1128 quod
373 1040 561 1114 Hlotherius
586 1043 683 1110 uxori
717 1064 785 1112 suae
817 1042 1019 1131 objurgaret,
1046 1064 1122 1111 cum
1147 1063 1258 1112 revera
1282 1044 1325 1114 de

258 1165 370 1244 stupro
398 1157 541 1244 quodam
571 1168 735 1245 ageretur,
769 1157 856 1247 quod
885 1158 1095 1246 Thietberga‚
1124 1157 1204 1226 dum
1237 1169 1326 1242 esset

257 1292 324 1339 non
346 1281 446 1358 nupta
460 1272 579 1360 puella,
606 1293 683 1341 com
709 1271 809 1342 fratre
835 1295 895 1342 suo
921 1273 1083 1346 ildeberto
1105 1273 1322 1343 admisisset².

300 1387 358 1474 At,
373 1388 524 1475 neplura,
540 1388 630 1456 illam
644 1388 789 1458 indolem
804 1389 844 1457 ad
850 1389 963 1478 jocum
976 1410 1089 1479 aspere
1104 1390 1320 1478 movendum,

257 1523 357 1590 quem
378 1511 503 1571 constat
520 1502 556 1571 in
582 1504 725 1591 epistolis
753 1504 793 1573 ad
817 1504 999 1575 Orientales
1020 1506 1234 1574 Anastasium
1257 1509 1320 1574 ba-

257 1617 380 1704 buisse,
396 1617 470 1705 quis
492 1617 609 1686 habuit
630 1619 791 1707 copiosius
815 1629 846 1688 et
875 1619 1098 1689 abundantius
1118 1641 1219 1707 quam
1248 1623 1322 1710 qui,

256 1731 380 1801 Nicolai
395 1733 540 1816 nomine,
554 1734 677 1802 litteras
687 1734 758 1822 jam
777 1755 875 1825 supra
888 1747 1086 1805 memoratas
1110 1738 1151 1805 ad
1164 1737 1325 1807 Hincme·

257 1869 334 1916 rum
357 1848 515 1937 scripsit?
534 1851 605 1937 qui,
621 1859 791 1937 postquam
814 1851 1009 1920 adulteratas
1032 1851 1118 1921 sedis
1140 1854 1325 1940 apostolicas

256 1966 418 2032 chartulas
433 1965 673 2052 archiepiscopo
686 1964 842 2034 ilamensi
859 1965 1073 2035 disertissime
1090 1967 1324 2056 objurgaverat

256 2080 307 2147 his
317 2080 424 2148 verbis
438 2100 446 2149 :
463 2104 480 2145 o
489 2083 535 2147 Tu
547 2079 647 2169 trojus
658 2079 779 2147 tenoris
790 2081 1072 2150 circumstantiam
1079 2082 1119 2151 de
1128 2083 1243 2151 collati
1250 2085 1327 2174 pri·

257 2195 373 2286 vilcqii
384 2207 474 2263 tectu
488 2193 600 2263 minos
615 2193 809 2286 simpliciter
821 2195 1000 2287 excipiens,
1015 2209 1046 2266 ct
1058 2210 1179 2266 nostroe
1200 2198 1329 2268 visioni

288 2384 312 2433 t.
328 2379 419 2430 Nicolei
430 2378 547 2442 epistota
558 2378 594 2428 od
609 2379 730 2431 Coretum
744 2379 852 2431 Calvum
867 2380 970 2446 (lliigue,
984 2385 1004 2434 t.
1018 2381 1104 2446 CXIX,
1116 2396 1142 2446 p.
1158 2383 1232 2444 sitm
1249 2381 1326 2448 rare,

256 2472 282 2508 n.
296 2459 377 2522 2886).

286 2542 310 2589 2.
326 2538 395 2598 Quod
419 2553 448 2588 ex
470 2539 542 2589 certis
565 2541 726 2590 monumentis
752 2545 902 2605 compertum
924 2546 970 2590 est.
989 2541 1030 2592 Sit
1045 2540 1111 2592 enirn
1128 2541 1280 2604 ilinemerus,
1298 2541 1328 2590 iu

256 2633 329 2683 opere
339 2617 403 2684 quod
416 2634 438 2668 e.
451 2621 556 2670 862-863
575 2621 671 2686 scripsit
684 2621 720 2670 lie
736 2619 849 2670 diuortio
863 2621 979 2670 tetberti
993 2624 1020 2671 et
1029 2621 1179 2686 Tetterqoe:
1194 2622 1248 2671 ott
1261 2621 1281 2670 si
1292 2620 1327 2671 de

256 2705 337 2764 stupro
344 2705 369 2749 et
378 2700 461 2749 abortu
472 2701 533 2749 onte
542 2700 635 2751 initum
644 2699 791 2764 conjoqiom
802 2700 893 2763 agitur,
905 2703 937 2750 de
947 2700 1039 2766 quibos
1046 2701 1186 2765 proesotom
1195 2701 1327 2765 seminum

255 2781 372 2844 reputari
384 2781 560 2845 comperimus,
569 2780 714 2830 veniendum
722 2785 759 2830 est
765 2781 832 2845 prius
839 2782 868 2830 sd
876 2781 1056 2832 examinationis
1066 2780 1196 2844 judicium,
1211 2795 1260 2845 quo
1270 2795 1328 2832 eam

255 2861 323 2924 quasi
332 2860 621 2925 purgatamaudivimuso
635 2860 685 2926 (ap.
697 2861 791 2923 Migne,
806 2866 827 2910 t.
839 2862 937 2926 CXXV,
945 2877 970 2926 p.
985 2864 1051 2926 659).
1063 2863 1094 2911 Et
1104 2862 1157 2925 ipsa
1166 2860 1325 2926 Thietbergs,

255 2940 280 2988 in
300 2956 344 2990 sua
361 2940 522 3005 Confessione
535 2957 543 2990 .·
558 2942 633 3002 oligo
647 2940 818 2992 Thietbrieh...
840 2941 874 2991 sic
893 2942 1012 3007 pmfiteor,
1035 2941 1091 3006 quie
1109 2955 1239 3002 germanus
1255 2955 1328 2991 meus

255 3019 392 3069 iiucbertos
404 3020 506 3070 clericus
519 3035 560 3071 me
580 3021 795 3070 adolescentulam
815 3022 930 3086 eermpit,
952 3027 978 3071 et
998 3021 1023 3070 iu
1044 3035 1098 3070 meo
1119 3035 1217 3085 corpore
1239 3027 1329 3072 conos

256 3098 391 3150 naturalem
405 3114 477 3149 usum
489 3100 670 3150 fornicationem
684 3101 792 3151 exercuit
802 3106 828 3151 et
840 3102 1011 3166 perpetraritu
1024 3102 1125 3166 (Migne,
1138 3101 1207 3160 ibid,
1217 3115 1242 3164 p.
1256 3099 1328 3166 ost).

256 3179 293 3228 De
311 3192 358 3241 quo
381 3179 481 3229 erimine
499 3186 526 3229 ut
540 3195 566 3229 se
585 3186 709 3245 purgaret,
724 3181 871 3244 'ihietberga
888 3181 997 3232 solueret
1014 3181 1122 3232 adhiberi
1133 3180 1251 3245 judicium
1266 3195 1327 3231 exa-

256 3257 394 3308 minationis
422 3273 465 3323 per
485 3274 573 3324 squam
597 3260 708 3326 calidam,
726 3262 800 3311 immo
826 3275 884 3313 rere
899 3267 953 3312 tum
977 3262 1041 3312 ierne
1061 3262 1108 3312 luit
1127 3260 1187 3312 illud
1203 3259 1327 3324 judicium

237 3353 338 3388 ·rerere
353 3339 445 3389 iactum
464 3339 539 3389 inisse
559 3354 587 3390 se
609 3341 699 3402 regine
715 3341 865 3392 successisse.
885 3337 943 3394 liae
961 3342 1027 3392 enirn
1046 3341 1184 3394 referuntur
1200 3341 1225 3390 iu
1239 3342 1325 3392 inter·

256 3419 440 3485 coerctionibus,
464 3434 522 3483 ques
544 3418 644 3486 quidam
662 3419 693 3470 ad
715 3422 874 3471 iiincmerum
898 3421 1013 3472 miserant
1033 3440 1040 3474 e
1062 3420 1197 3472 «vicarius
1214 3419 1325 3483 eiusdem

256 3500 351 3550 lemine
365 3499 524 3564 adjudicium
538 3515 606 3564 sque
627 3499 740 3550 terrentis
754 3501 826 3566 exiit,
845 3506 871 3550 et
894 3507 1021 3566 postquam
1042 3502 1151 3551 incoctus
1170 3500 1250 3550 iuerat
1270 3499 1326 3563 ipse

255 3585 374 3645 repertos,
399 3578 482 3630 eudem
504 3579 628 3644 terniue»,
644 3585 692 3630 etc.
712 3581 815 3644 (trigue,
836 3579 906 3645 ibid,
921 3595 946 3646 p.
960 3581 1026 3645 629).
1038 3607 1069 3620 -
1082 3582 1115 3632 lit
1137 3579 1203 3632 idem
1222 3579 1326 3630 teresse

255 3660 320 3709 dices
332 3659 396 3726 quud
412 3658 497 3710 liciole
516 3659 639 3722 (Histoire
661 3659 707 3710 des
727 3660 845 3724 concites,
864 3665 884 3711 t.
898 3661 931 3722 V,
948 3675 971 3725 p.
992 3662 1112 3726 ert-515)
1132 3675 1139 3710 ε
1158 3658 1321 3722 illotharium,

255 3747 309 3803 post
329 3739 388 3803 hec,
411 3753 472 3788 suno
494 3740 548 3802 866,
570 3752 657 3788 norum
675 3738 767 3788 crimen
787 3739 897 3790 adulterii
914 3740 1067 3804 thietberga
1086 3739 1204 3791 intulisse.
1222 3740 1255 3789 tt
1270 3738 1324 3788 baec

255 3818 364 3869 defensio
382 3833 437 3869 oum
456 3833 486 3868 ea
503 3817 555 3883 ipse
568 3817 669 3882 epistola
686 3817 778 3868 Nieclsi
793 3819 919 3885 discrepat,
943 3819 967 3870 in
982 3835 1031 3887 qus
1044 3821 1107 3871 ciere
1120 3819 1268 3882 significetur
1282 3816 1323 3868 hie

254 3903 323 3948 retus
343 3899 401 3950 illud
423 3899 514 3949 crimen
532 3899 587 3962 egi.
606 3898 637 3948 de
658 3911 719 3961 quo,
744 3912 806 3947 anno
829 3901 884 3962 665,
905 3900 958 3966 ipsa
975 3899 1122 3964 'l'bietberga
1141 3904 1197 3950 ente
1215 3899 1322 3960 legatum

255 3977 409 4040 apostolicum
426 3979 562 4043 (Arseuium
580 3976 734 4040 hortensem)
752 3992 855 4042 purgare
874 3994 899 4029 se
913 3977 1030 4030 solueret.
1049 3980 1090 4032 Sic
1105 3981 1170 4030 enirn
1188 3976 1323 4043 epistolaris

254 4055 389 4120 pontilicius
402 4058 494 4123 relique
507 4060 620 4124 deinceps
636 4057 787 4123 persequitur
801 4073 808 4107 z
825 4058 897 4108 oSed
911 4059 941 4110 de
957 4060 1001 4109 heo
1016 4059 1057 4110 iila
1070 4074 1151 4110 eorem
1164 4058 1233 4108 missi
1247 4056 1323 4106 nostri

255 4136 380 4200 presentis
392 4152 494 4202 porgere
509 4155 534 4190 se
548 4139 637 4199 voluit3
649 4138 691 4188 sed
700 4137 751 4202 ipse
763 4151 810 4188 non
824 4139 937 4189 annuit.»
953 4138 1045 4193 Nicolai
1057 4139 1140 4205 Epist.
1156 4139 1193 4190 od
1202 4137 1321 4190 corolum

257 4212 363 4343 Coiplrtm
385 4217 486 4283 (illisne,
507 4227 525 4275 t.
546 4221 632 4284 Cilix,
647 4234 673 4285 p.
689 4217 769 4284 iiii).
790 4219 833 4269 Est
848 4217 922 4281 igitur
940 4220 965 4270 in
978 4219 1016 4270 bis
1029 4219 1117 4272 litteris
1131 4226 1174 4270 aut
1192 4233 1268 4281 error,
1280 4223 1325 4268 sut

256 4293 307 4344 ceri
326 4294 383 4344 atio.
