2960 5052
597 455 816 508 PROOENIUM
1204 457 1234 506 23

168 597 379 685 presbytero
416 595 658 684 imprudenter
689 597 888 668 miscuisse.
919 599 1078 687 Namque
1109 599 1234 667 Thent-

167 721 303 806 gaudus
322 724 427 807 atque
443 721 671 806 Guntharius,
688 722 770 790 dum
784 741 896 791 causa
910 740 1034 790 eorum
1049 727 1229 808 ageretur,

166 849 292 914 Romae
307 845 455 914 aderant
467 865 475 930 3
489 850 544 914 ter
560 852 730 934 septenos
754 847 830 915 dies
852 846 944 914 inter
957 849 1138 915 Romanos
1158 866 1234 916 ver-

166 970 237 1037 sati
260 967 660 1054 sunt¹,utcommodum
688 971 741 1039 eis
769 971 875 1040 fuerit
902 989 1123 1057 cognoscere
1153 971 1232 1060 quis

165 1101 267 1162 esset
280 1091 502 1180 Anastasius,
520 1101 582 1163 aut
603 1094 687 1182 quid
711 1096 804 1183 apud
832 1095 1015 1164 Nicolaum
1040 1098 1055 1162 I
1082 1096 1229 1164 valeret.

163 1221 291 1306 Neque
318 1219 511 1307 putandum
539 1227 595 1288 est
621 1219 733 1287 abiis
759 1219 973 1307 praesulibus
996 1238 1232 1307 personarum

163 1342 413 1412 confusionem
427 1342 575 1412 consilio
592 1362 675 1412 esse
690 1344 832 1428 factam,
849 1343 986 1411 utillud
1012 1344 1142 1412 falsum
1164 1363 1230 1431 pro

161 1485 252 1535 vero
264 1467 362 1535 credi
376 1475 511 1554 posset,
528 1472 634 1555 atque
648 1487 694 1535 ex
708 1469 776 1535 hoc
791 1486 914 1535 errore
940 1466 1057 1554 major
1082 1467 1118 1535 in
1139 1488 1224 1536 sum·

162 1613 263 1662 mum
276 1593 480 1681 pontificem
494 1593 706 1676 redundaret
719 1592 875 1662 infamia.
891 1592 1039 1679 Etenim,
1057 1613 1136 1661 cum
1150 1595 1230 1662 haec

164 1716 214 1786 ad
227 1717 409 1786 Nicolaum
432 1718 550 1806 ipsum
565 1723 600 1786 et
621 1721 803 1787 Romanos
829 1723 952 1786 essent
975 1716 1117 1804 scripta,
1149 1717 1231 1805 quid

164 1847 245 1910 erat
257 1841 409 1930 ineptius
424 1860 530 1930 quam
558 1841 689 1929 aliquid
703 1841 907 1927 excogitare
924 1860 969 1909 ex
983 1860 1053 1928 qno
1068 1839 1230 1909 omnibus

162 1965 494 2034 manifestissimum
508 1966 635 2034 fuisset
647 1963 908 2034 mendacium²l

210 2089 309 2158 Dicet
324 2089 449 2178 aliquis
467 2093 615 2159 :Nonne
636 2089 763 2157 mirum
776 2094 832 2157 est
846 2096 950 2176 atque
963 2088 1180 2174 indecorum,
1199 2090 1230 2158 si

160 2214 344 2299 Nicotaus,
354 2234 511 2282 summus
522 2214 778 2302 pontifex,viro
792 2215 1226 2283 olimanathematemulc-

162 2345 252 2423 tato,
269 2315 403 2407 tantam
416 2339 524 2406 fldem
546 2339 735 2406 habuerit?
758 2339 806 2408 Sit
819 2341 979 2427 protecto
994 2339 1136 2422 mirum;
1160 2358 1227 2407 nos

162 2469 283 2532 autem
297 2463 333 2530 in
348 2481 388 2532 re
402 2461 572 2532 historica
586 2463 808 2549 arbitramur,
824 2464 975 2552 primum
997 2464 1227 2551 quaerendum

161 2606 261 2672 esse,
288 2606 359 2655 non
386 2587 469 2674 quid
496 2587 630 2673 deceat,
661 2587 724 2656 sed
746 2587 829 2675 quid
850 2587 905 2672 sit,
932 2607 1047 2675 neque
1075 2587 1226 2656 a-certis

159 2711 367 2780 auctoribus
381 2710 652 2779 desciscendum
664 2712 708 2780 ob
722 2731 802 2780 eam
816 2730 960 2780 causam
973 2711 1068 2798 quod
1088 2729 1131 2779 ea
1146 2715 1227 2798 qua'a

157 2833 389 2901 inveniuntur
407 2833 595 2902 testificata
618 2853 688 2902 non
713 2833 894 2921 aptissime
922 2839 1121 2919 congruunt
1147 2853 1227 2901 cum

156 2957 206 3026 iis
221 2977 303 3045 quae
329 2958 510 3044 finguntur
534 2962 594 3026 aut
622 2965 796 3047 optantur.
830 2962 1006 3044 Ceterum,
1039 2964 1226 3045 postquam

157 3100 284 3150 rerum
309 3100 439 3150 causas
469 3081 668 3171 seriemque
696 3083 898 3168 viderimus,
928 3082 1041 3151 omnis
1068 3084 1224 3152 fortasse

157 3206 305 3274 tolletur
319 3205 514 3275 admiratio.

209 3455 268 3520 IV.
278 3450 435 3540 Denique
450 3453 586 3522 adhaec
601 3452 734 3521 diserta
748 3452 961 3538 testimonia,
976 3453 1144 3521 nonnulla
1159 3451 1228 3520 alia

197 3675 220 3721 t.
238 3671 311 3722 used
331 3686 372 3722 nos
387 3688 428 3738 per
446 3678 495 3723 tres
509 3672 653 3724 ebdomadas
675 3679 743 3723 tuum
764 3679 926 3739 exspectantes
940 3688 1087 3739 responsum.
1103 3692 1115 3718 u
1139 3671 1229 3721 Thent-

158 3751 238 3815 gaudi
251 3758 275 3801 et
289 3752 415 3802 Guntharii
430 3753 547 3818 Epistola
561 3755 598 3803 acl
611 3754 745 3804 Nicolaum
758 3755 846 3818 (Perta,
859 3755 916 3817 SS.,
926 3761 946 3806 t.
957 3757 977 3818 l,
993 3770 1017 3820 p.
1030 3756 1096 3817 atr).
1106 3752 1143 3803 Cl.
1154 3753 1229 3802 Hinc-

157 3841 225 3892 mari
237 3840 356 3904 Annales,
372 3855 393 3890 a.
408 3843 452 3892 863
469 3841 548 3906 (ibid,
563 3857 588 3906 p.
604 3842 668 3906 460).

195 3925 220 3971 2.
235 3922 339 3970 'lantum
354 3921 393 3970 isti
412 3922 442 3970 ab
461 3937 490 3971 ea
510 3922 655 3984 cogitatione
667 3921 774 3984 aberant,
791 3929 826 3985 ut,
845 3938 909 3986 oum,
929 3937 990 3972 anno
1008 3927 1132 3986 sequente,
1147 3935 1174 3970 ex
1189 3936 1232 3970 sua

158 3999 194 4050 ad
206 3999 331 4050 Nicolaum
343 4001 444 4066 epistola
463 4002 582 4066 precipua
600 4001 703 4065 capitula
723 4009 899 4066 excerpserunt,
915 4017 967 4065 quac
986 4002 1015 4051 ad
1038 4002 1159 4050 universos
1179 4001 1229 4066 epl-

158 4095 250 4144 scopoe
261 4079 391 4144 mitterent,
403 4096 451 4130 non
471 4081 532 4130 tanti
545 4086 696 4146 putauerunt,
711 4097 739 4131 ea
750 4096 803 4146 qua
817 4082 846 4130 de
860 4080 985 4132 Anastasio
999 4080 1117 4144 dixerant,
1131 4082 1230 4138 iterare3

158 4159 276 4225 quamvis
307 4167 370 4210 esset
393 4160 482 4225 aliquid
506 4162 557 4225 spei
577 4161 687 4211 homines
707 4177 787 4211 rerum
814 4163 975 4210 Romanarum
998 4161 1093 4224 ignaros
1114 4163 1232 4226 decipere.

159 4241 197 4288 V.
210 4238 361 4300 'theutgaudi
375 4247 399 4290 et
414 4240 542 4290 Guntharii
559 4241 690 4306 Capitale,
703 4242 789 4291 inserta
808 4240 833 4290 in
843 4239 986 4292 Annalibus
1001 4243 1133 4306 llincmari,
1149 4259 1171 4293 a.
1188 4247 1234 4294 86t

176 4320 260 4381 Perta,
276 4319 333 4383 SS.,
349 4321 401 4384 tl,
417 4335 444 4384 p.
459 4321 549 4384 Nil-l).
