2960 5052
276 441 324 491 nl:
344 441 513 492 ulcoulo
534 441 631 492 Parc
652 442 661 492 l
684 441 854 502 oluscula
875 441 1154 498 usulnllalaus
1218 446 1248 496 dt

183 583 317 672 quidem
344 585 385 652 de
410 584 465 652 illo
491 583 683 672 praedicatur
697 585 837 654 maxime
858 584 961 654 animi
976 587 1126 674 quasdam
1146 587 1251 654 firmi·

182 712 232 768 tas
248 721 285 768 ac
302 699 361 786 vis,
382 721 460 787 qua,
482 710 589 788 spreto
607 701 698 768 omni
721 711 823 789 metu,
849 701 1068 789 patrocinium
1088 701 1250 790 aequitatis

183 823 369 884 constanter
386 816 541 905 arripuit,
558 836 617 884 nec
640 817 794 904 cuiquam
810 816 924 905 inique
938 815 1082 903 facienti,
1104 837 1146 886 na
1165 817 1251 904 regi-

184 931 249 999 bus
274 930 421 1018 quidem,
447 930 623 1020 pepercit¹.
653 929 869 1000 Summorum
894 931 1035 1020 prolecto
1059 931 1251 1019 pontificum

185 1066 284 1116 nemo
303 1065 340 1114 ea
366 1053 459 1114 aetate
479 1054 547 1114 tam
571 1065 668 1134 supe,
692 1055 760 1120 tam
784 1048 1004 1135 vehementer,
1028 1047 1252 1118 auctoritatem

185 1181 280 1230 suam
303 1159 461 1246 defendit,
483 1160 638 1246 laudavit,
660 1162 758 1250 longe
775 1159 938 1231 dinudat

230 1274 390 1356 Quocirca
410 1275 523 1346 multis
537 1277 752 1364 scriptoribus
765 1275 956 1348 incredibile
967 1275 1074 1347 visum
1088 1285 1150 1365 est,
1166 1275 1253 1366 apud

185 1392 285 1458 talem
299 1389 486 1479 pontificem
510 1411 630 1478 magna
655 1390 755 1460 luisse
778 1392 883 1479 gratia
906 1393 1137 1479 Anmlasium,
1158 1392 1253 1461 illum

186 1505 427 1594 presbyterum,
442 1505 500 1592 qui
518 1526 584 1576 non
605 1506 702 1584 modo
720 1506 946 1576 auctoritatem
967 1505 1053 1576 sedis
1071 1507 1251 1595 apostolice

186 1627 282 1686 antea
301 1627 551 1706 contempserat,
567 1640 681 1690 verum
701 1622 802 1691 etiem
820 1639 992 1707 nunquam
1016 1629 1065 1690 est
1087 1621 1253 1690 voluntate

185 1735 323 1803 omnino
353 1746 409 1803 aut
434 1735 569 1824 ingenio
599 1743 765 1823 mutatus3
799 1755 836 1803 ex
865 1754 930 1820 qno
956 1733 1037 1803 dnos
1063 1733 1253 1804 Anastasius

186 1854 374 1939 confingere
400 1853 589 1920 maluerunt
619 1871 719 1939 quam
749 1850 915 1918 tantulum
946 1868 1019 1917 eam
1050 1849 1252 1936 opinionem,
1336 1861 1339 1870 ·

187 1988 287 2054 quam
306 1967 347 2035 de
363 1966 495 2035 Nicolao
506 1986 589 2054 papa
612 1973 839 2052 conceperant,
861 1963 1038 2034 inflectere.
1064 1963 1166 2032 Nobis
1179 1983 1254 2032 vero

187 2083 246 2169 qui
268 2082 480 2150 Anastasium
503 2102 521 2148 a
545 2079 654 2148 Leone
676 2079 723 2146 lv
745 2078 1076 2165 excommunicatum,
1099 2077 1254 2146 eumdem

187 2217 259 2266 esse
272 2208 369 2284 alque
384 2196 508 2265 Nicolai
523 2194 538 2263 I
553 2193 775 2264 consiliarium
793 2215 831 2262 ex
848 2193 1039 2262 certissimis
1056 2211 1256 2260 monumen·

188 2311 232 2380 tis
251 2311 454 2380 ostendimus
462 2309 488 2396 ³,
507 2329 696 2396 pernecesse
709 2317 779 2378 erat
792 2308 960 2397 inquirere
976 2329 1040 2397 qua
1055 2308 1180 2393 ratione
1193 2307 1255 2378 isto

189 2428 337 2496 sacerdos
356 2427 441 2514 apud
454 2427 642 2514 pontificem
665 2424 764 2512 hujus
787 2422 881 2494 lama
901 2432 935 2494 et
955 2423 1075 2494 indolis
1093 2422 1255 2512 gratiosus

189 2545 338 2612 evaserit.
353 2543 459 2624 Quam
474 2543 722 2629 inquisitionem
732 2543 778 2610 ita
793 2542 936 2611 effecisse
950 2561 1131 2631 speramuS,
1142 2551 1255 2611 utnon

189 2661 297 2728 solnm
322 2661 466 2727 solvatur
482 2661 551 2728 haec
578 2667 688 2726 nostra
713 2656 940 2745 interrogatio,
966 2658 1023 2728 sed
1050 2667 1083 2727 el
1104 2660 1255 2726 universa

189 2775 290 2864 hujus
315 2777 521 2865 pontificatus
542 2775 677 2844 historia
698 2796 780 2844 nova
805 2775 947 2863 quadam
970 2777 1042 2844 luce
1062 2774 1253 2842 illustretur.

190 2891 285 2971 Quod
304 2890 333 2958 si
352 2891 408 2978 qui
424 2890 657 2960 existimabunt
680 2911 745 2957 non
765 2890 914 2958 eamdem
932 2888 1050 2958 iactam
1065 2908 1135 2957 esse
1155 2907 1194 2956 ex
1215 2885 1257 2956 iis

189 3005 346 3074 Nicolail
370 3006 529 3093 speeiem,
553 3026 627 3093 quae
647 3005 727 3092 ipsis
748 3016 844 3074 antea
867 3003 1050 3090 videbatur,
1073 3003 1258 3074 dolebimus

191 3121 339 3208 quidem,
362 3132 471 3188 tamen
494 3141 531 3190 ea
555 3141 627 3206 quas
648 3119 822 3207 diligenter
838 3119 1065 3208 investigando
1087 3139 1163 3190 vera
1188 3137 1258 3188 csse

191 3237 392 3323 invenimus,
418 3256 478 3304 nee
502 3246 607 3306 tacere
627 3235 715 3322 licet,
731 3255 791 3304 nec
808 3235 972 3323 minuere,
989 3256 1065 3304 cum
1078 3235 1259 3325 praesertim

224 3422 246 3469 l.
263 3421 353 3470 Notum
368 3427 405 3471 est
418 3419 476 3471 illud
491 3421 621 3482 Reginonis
640 3420 670 3471 de
691 3420 787 3471 Nicolac
809 3421 818 3470 l
838 3433 845 3469 c
867 3419 998 3484 «Denique
1015 3426 1070 3484 post
1083 3419 1181 3469 beatum
1199 3419 1262 3467 Gre-

192 3500 287 3560 goriam
311 3515 387 3565 usque
407 3501 432 3550 in
452 3516 555 3565 presens
577 3501 657 3550 nullus
672 3501 760 3565 praesul
780 3501 805 3549 in
823 3502 931 3550 Romana
949 3501 1009 3550 urbe
1026 3499 1155 3565 pontificali
1174 3498 1262 3547 bonore

192 3578 337 3628 sublimatu»
357 3580 391 3628 illi
414 3579 507 3630 ridetur
521 3580 712 3646 aequiparandus.
732 3580 839 3641 Regibus
855 3593 883 3630 ac
900 3580 1007 3644 tyrannis
1027 3579 1164 3644 imperarit,
1179 3576 1262 3640 cisque

191 3673 220 3708 ae
233 3659 252 3708 si
267 3659 379 3708 dominns
390 3661 454 3709 orbis
465 3667 584 3710 terrorum
596 3661 737 3710 auctoritate
750 3659 846 3724 proluit
859 3677 884 3723 u,
899 3665 945 3710 ete.
967 3659 1097 3721 Reginonis
1111 3657 1262 3720 struncon,

192 3753 215 3789 ι.
239 3741 285 3789 868
314 3741 403 3803 (Perti,
428 3742 485 3805 Sat,
513 3747 531 3794 t.
556 3744 577 3804 l,
601 3756 626 3806 p.
645 3741 710 3803 tls).
732 3739 824 3800 Quibus
837 3754 866 3790 ea
881 3740 1032 3790 consentiunt
1050 3736 1261 3803 quatiebatur,

191 3819 352 3880 Mogentiana
369 3820 570 3886 archiepiscopus,
591 3819 711 3876 lindriano
732 3834 800 3884 pape
823 3821 855 3883 ll,
871 3820 961 3874 Nicolai
985 3818 1123 3881 successori,
1143 3830 1189 3866 nco
1211 3815 1264 3866 tine

192 3899 325 3949 acerbitate
334 3901 448 3965 quadem,
463 3902 585 3952 scribebat
597 3917 620 3952 a.
638 3903 681 3951 8'll
697 3919 704 3950 ι
722 3902 860 3950 «llacessor
878 3906 966 3962 vester,
980 3900 1017 3950 rir
1036 3895 1160 3963 apostolici
1174 3895 1264 3958 rigoris

192 4005 224 4016 -
238 3979 304 4040 juxte
314 3994 401 4030 nomen
415 3997 485 4031 suum
499 3982 575 4030 rietur
587 3981 728 4046 populorum
741 4005 771 4018 -
785 3980 937 4030 beatissimus
957 3978 1079 4040 Nicolaus,
1095 3991 1143 4026 non
1158 3976 1264 4040 pecunia

192 4059 324 4125 eupiditate
334 4061 376 4110 ssd
389 4062 524 4112 omnimoda
533 4064 586 4125 ejus
600 4061 701 4112 inlectus
714 4061 900 4112 rationabilitate
912 4081 937 4122 e,
949 4065 997 4110 ele.
1009 4059 1128 4110 Liutbsrti
1144 4057 1265 4122 Epistola

192 4139 228 4190 ud
242 4140 403 4191 Hadrianum
417 4143 443 4192 11
454 4142 530 4207 (taus,
545 4141 700 4192 Bibliotheca
715 4156 803 4192 rerum
824 4141 1043 4201 Germanicorum,
1058 4145 1077 4189 t.
1094 4140 1139 4202 lll,
1154 4153 1180 4202 p.
1194 4139 1264 4200 333)·

224 4222 250 4270 2.
270 4221 301 4270 V.
316 4217 425 4282 interius,
440 4238 463 4273 c.
477 4235 503 4272 v.

226 4303 252 4350 3.
268 4299 301 4351 V.
316 4309 423 4351 nostrum
439 4304 590 4366 Prooemium.
