3006 5050
448 439 493 490 ΕΤ
515 438 738 491 COMPOSUIT
761 440 805 492 ΕΤ
827 439 1009 492 ulcsnvlr
1217 443 1263 494 ¹¹2

200 583 361 674 ripiendo,
377 583 580 672 exagitando,
596 583 714 673 scripta
729 585 769 654 ad
783 605 835 655 res
850 583 1134 674 accommodando,
1149 586 1261 656 omnis

200 699 236 768 in
248 700 298 769 his
322 719 393 770 esse
407 709 464 769 out
477 699 556 770 salso
568 700 667 789 diota,
682 710 738 769 aut
752 700 833 770 iacta
848 701 957 789 inepte
971 701 1138 770 contendit
1154 723 1164 771 ε
1184 701 1264 770 «Ibi

182 837 344 906 ‚namque
355 814 501 906 falsitas,
518 818 676 885 exclamat
698 815 765 899 ille,
787 815 824 885 in
842 815 912 907 ipso
927 798 1007 883 nior
1019 815 1189 886 actionum
1211 817 1261 886 in·

199 930 331 998 venitur
341 928 521 1023 principio.
546 933 606 1000 An
619 953 687 1000 non
700 932 848 1021 subitas,
862 953 938 1002 cum
950 943 1067 1024 sponte
1072 932 1263 1024 puoenisse

200 1045 317 1137 dejecti
328 1045 380 1114 illi
387 1046 578 1138 (Wuliadus
592 1047 727 1135 ejusque
739 1046 838 1136 socii)
852 1045 898 1116 ad
916 1047 1055 1116 ecelesia
1061 1048 1190 1138 januas
1197 1069 1261 1140 pro

198 1183 260 1238 sua
277 1161 465 1230 necessitate
489 1160 691 1250 scribuntur,
715 1161 776 1254 qui
788 1163 912 1231 venuse
926 1162 1117 1254 probantur
1138 1162 1263 1232 inviti?

199 1276 370 1366 Praecipue
384 1299 459 1345 cerm
479 1275 660 1368 Wulsadus
674 1276 796 1345 ibidem
813 1277 927 1368 suerit,
952 1277 1046 1368 cujus
1067 1300 1188 1348 nomen
1210 1280 1262 1348 iu·

198 1403 247 1460 ter
257 1392 439 1483 petentium
453 1392 592 1461 nomina
603 1392 770 1483 fallaciter
792 1392 913 1462 exstitit
931 1374 1103 1462 recitatum
1109 1397 1158 1463 i..
1174 1443 1183 1464 .
1210 1394 1264 1464 Ibi

197 1508 475 1599 metropolitanus
486 1507 618 1576 antistes
633 1506 731 1577 modo
744 1530 806 1576 sua
816 1509 902 1598 jura
922 1507 1070 1599 deponit,
1089 1509 1187 1578 moda
1210 1534 1263 1579 re-

197 1623 312 1712 sumit,
345 1622 443 1692 modo
468 1622 576 1692 subest
593 1621 733 1714 quoda,
761 1621 860 1692 moda
880 1635 1012 1715 praest,
1040 1623 1138 1694 modo
1165 1626 1264 1717 quasi

198 1752 380 1825 aestuatus,
398 1736 497 1807 modo
518 1751 702 1828 accusator,
723 1737 822 1807 rnodo
837 1737 947 1828 judea
976 1738 1126 1808 accedit:
1143 1752 1174 1809 et
1193 1763 1260 1833 pro

196 1852 295 1922 libitu
318 1855 458 1946 proprio
493 1853 619 1924 vicibus
647 1853 887 1923 alternantibus
917 1865 1035 1923 cuncta
1062 1852 1255 1946 disponens,

196 1990 290 2039 more
302 1969 477 2062 eujusdam
490 1970 685 2060 animantis,
710 1991 780 2039 uon
793 1992 922 2062 semper
937 1969 1038 2038 unius
1051 1970 1260 2064 u'usdemque

197 2085 316 2154 coloris
336 2097 477 2177 apparet
490 2087 512 2154 ¹.
529 2109 546 2151 u

241 2200 316 2269 Non
338 2201 432 2270 aliter
449 2199 637 2271 fllothrrius
655 2221 711 2270 rex
731 2200 953 2290 redarguitur,
974 2201 1044 2290 qui,
1067 2209 1105 2269 ut
1124 2199 1260 2269 missam

195 2315 316 2385 faceret
327 2336 462 2386 uxorem
475 2337 569 2386 suam
576 2317 820 2406 Thietbcrgam,
837 2316 917 2386 daos
931 2337 1058 2406 causas,
1069 2314 1097 2385 si
1110 2314 1259 2405 scriptori

196 2431 363 2520 pontificio
373 2432 536 2516 credatur,
550 2432 722 2520 attulisset,
737 2451 840 2502 unam
854 2453 922 2501 non
936 2451 1007 2502 esso
1022 2453 1058 2501 se
1071 2452 1148 2502 cum
1162 2452 1200 2500 eo
1213 2433 1260 2502 le·

196 2548 314 2633 gitimo
327 2546 536 2618 matrimonio
549 2547 776 2636 conjunctum,
791 2550 925 2616 alteram
940 2548 1027 2636 quod
1044 2557 1128 2616 esset
1145 2548 1259 2616 eadem

196 2662 348 2732 adulterii
372 2664 492 2733 scelere
513 2663 681 2733 obstricta.
703 2663 757 2731 Aa
781 2684 854 2751 quas
879 2661 1055 2732 refellenda
1077 2662 1258 2749 epistolaris

195 2777 320 2848 Nicolai
344 2778 664 2866 losannensem,
688 2778 722 2846 in
738 2779 853 2847 litteris
874 2778 914 2846 ad
939 2776 1093 2846 Gerulum
1117 2775 1253 2844 Calvum

196 2894 337 2981 scriptis,
352 2895 398 2963 sic
411 2895 538 2970 utitur:
554 2893 767 2981 «liberdum,
780 2893 838 2981 ait,
851 2891 1126 2984 quodLotbarius
1136 2891 1256 2960 Tbeut-

198 3003 332 3096 berqam
344 3004 384 3073 de
394 3003 557 3074 adulterio
577 3004 785 3092 criminatur,
800 3004 874 3095 quis
885 3026 953 3070 uon
963 3000 1075 3072 videat
1095 3001 1172 3072 dolo
1188 3025 1253 3072 esse

192 3120 332 3212 plenum
345 3132 377 3190 et
387 3119 481 3190 omni
492 3120 698 3212 iniquitate?
717 3119 879 3210 Denique,
893 3120 924 3188 si
947 3141 1033 3186 uuor
1044 3119 1126 3209 ejus,
1142 3131 1180 3187 ut
1190 3119 1259 3212 ipsc

186 3239 309 3326 jactat,
323 3259 392 3305 non
406 3248 464 3325 est,
481 3235 565 3328 quid
575 3235 782 3328 pertinetssad
791 3258 866 3304 eum
881 3233 921 3303 de
934 3233 1097 3304 adulterio
1124 3235 1176 3305 illi
1202 3259 1259 3304 ca-

196 3353 360 3421 lumniam
385 3365 504 3438 tencre,
531 3375 606 3420 cum
620 3374 679 3420 nec
704 3350 865 3419 moeebari
889 3352 1051 3442 potuerit,
1072 3351 1104 3418 si
1116 3351 1257 3441 alicujus

194 3491 280 3536 uror
292 3491 360 3537 nou
373 3467 525 3537 sustitit?
549 3470 665 3555 Porro,
686 3466 726 3535 de
738 3464 900 3535 adstiteris
914 3467 945 3534 si
957 3490 978 3534 a
993 3466 1149 3534 wabarie
1162 3488 1258 3534 occu·

193 3596 299 3670 satur,
317 3596 358 3671 et,
377 3584 409 3651 si
420 3584 569 3652 conuictu
579 3583 697 3676 suerit,
722 3582 807 3650 ultio
817 3594 1049 3673 praeparatur,
1066 3603 1191 3650 necesse
1211 3592 1258 3649 est

193 3711 231 3768 ut
241 3702 387 3790 fateatur
404 3720 554 3767 uxorem.
585 3696 679 3782 Quid
697 3719 774 3787 erqo
788 3697 956 3766 incassum
968 3697 1108 3785 laborat,
1136 3695 1257 3764 anaia-

195 3827 262 3902 tur,
277 3826 308 3883 et
318 3814 412 3906 quod
430 3837 496 3882 suo
515 3836 583 3883 non
594 3813 700 3905 buerit
726 3835 822 3901 uuor,
838 3813 1087 3905 quibuscunque
1107 3810 1258 3879 madiret

192 3930 476 4022 qualibuscunque
492 3929 695 4020 arqumcntis
708 3930 833 4021 sataqit
849 3927 1020 3998 invenire?
1037 3929 1184 4016 Necesse,
1202 3926 1257 3994 in·

223 4147 249 4196 ¹.
265 4143 359 4194 Nicolai
374 4143 492 4208 Epistola
512 4143 550 4193 ad
566 4145 692 4209 episcopos
712 4143 805 4208 synodi
824 4140 991 4191 Suessionieoe
1004 4138 1108 4203 (Mirus,
1134 4145 1153 4194 t.
1169 4141 1256 4204 cxlx,

191 4239 232 4289 ep.
244 4227 299 4288 1⁰7,
313 4238 337 4288 p.
358 4226 432 4287 totth
446 4223 516 4288 sane,
531 4239 556 4276 n.
570 4225 652 4289 2822).
668 4224 705 4278 cf.
728 4221 818 4274 Nicolri
832 4221 915 4286 Epist.
930 4219 967 4270 ad
978 4220 1142 4271 Hincrnarum
1155 4222 1258 4284 (Minos,

191 4303 263 4367 ibid„
278 4318 303 4368 p.
317 4305 396 4368 1102).
