<?xml version="1.0" encoding="UTF-8"?>
<!DOCTYPE html PUBLIC "-//W3C//DTD XHTML 1.0 Transitional//EN"
    "http://www.w3.org/TR/xhtml1/DTD/xhtml1-transitional.dtd">
<html xmlns="http://www.w3.org/1999/xhtml" xml:lang="en" lang="en">
 <head>
  <title>
</title>
<meta http-equiv="Content-Type" content="text/html;charset=utf-8" />
  <meta name='ocr-system' content='tesseract 3.04.00' />
  <meta name='ocr-capabilities' content='ocr_page ocr_carea ocr_par ocr_line ocrx_word'/>
</head>
<body>
  <div class='ocr_page' id='page_1' title='image "./deanastasiobibl00lapgoog_0251.png"; bbox 0 0 2954 5050; ppageno 0'>
   <div class='ocr_carea' id='block_1_1' title="bbox 265 445 1113 510">
    <p class='ocr_par' dir='ltr' id='par_1_1' title="bbox 265 445 1113 510">
     <span class='ocr_line' id='line_1_1' title="bbox 265 445 1113 510; baseline -0.012 -6"><span class='ocrx_word' id='word_1_1' title='bbox 265 453 312 504; x_wconf 68' lang='lat'>2³8</span> <span class='ocrx_word' id='word_1_2' title='bbox 485 449 704 510; x_wconf 70' lang='lat' dir='ltr'>ANASTASH,</span> <span class='ocrx_word' id='word_1_3' title='bbox 728 446 930 498; x_wconf 73' lang='lat' dir='ltr'>nannua&#39;o</span> <span class='ocrx_word' id='word_1_4' title='bbox 956 446 1053 496; x_wconf 80' lang='grc' dir='ltr'><strong>ΡΔΡΔ</strong></span> <span class='ocrx_word' id='word_1_5' title='bbox 1073 445 1113 506; x_wconf 90' lang='lat' dir='ltr'>ll,</span> 
     </span>
    </p>
   </div>
   <div class='ocr_carea' id='block_1_2' title="bbox 264 583 1337 911">
    <p class='ocr_par' dir='ltr' id='par_1_2' title="bbox 264 583 1337 911">
     <span class='ocr_line' id='line_1_2' title="bbox 307 583 1336 682; baseline -0.007 -21"><span class='ocrx_word' id='word_1_6' title='bbox 307 593 436 682; x_wconf 88' lang='lat' dir='ltr'>Itaque,</span> <span class='ocrx_word' id='word_1_7' title='bbox 446 595 547 662; x_wconf 83' lang='lat' dir='ltr'>eleeto</span> <span class='ocrx_word' id='word_1_8' title='bbox 560 592 729 660; x_wconf 85' lang='lat' dir='ltr'>Hadriano</span> <span class='ocrx_word' id='word_1_9' title='bbox 742 611 839 678; x_wconf 85' lang='lat' dir='ltr'>papa,</span> <span class='ocrx_word' id='word_1_10' title='bbox 849 590 1012 657; x_wconf 81' lang='lat' dir='ltr'>Arsenius</span> <span class='ocrx_word' id='word_1_11' title='bbox 1018 586 1191 654; x_wconf 88' lang='lat' dir='ltr'>Hortensis</span> <span class='ocrx_word' id='word_1_12' title='bbox 1204 585 1246 652; x_wconf 88' lang='lat' dir='ltr'>ad</span> <span class='ocrx_word' id='word_1_13' title='bbox 1260 583 1336 673; x_wconf 88' lang='lat' dir='ltr'>ejus</span> 
     </span>
     <span class='ocr_line' id='line_1_3' title="bbox 264 705 1337 796; baseline -0.008 -19"><span class='ocrx_word' id='word_1_14' title='bbox 264 709 367 777; x_wconf 87' lang='lat' dir='ltr'>liliam</span> <span class='ocrx_word' id='word_1_15' title='bbox 375 710 487 777; x_wconf 89' lang='lat' dir='ltr'>statim</span> <span class='ocrx_word' id='word_1_16' title='bbox 498 718 694 796; x_wconf 80' lang='lat' dir='ltr'>respexerat,</span> <span class='ocrx_word' id='word_1_17' title='bbox 704 708 733 774; x_wconf 87' lang='lat' dir='ltr'>si</span> <span class='ocrx_word' id='word_1_18' title='bbox 743 705 827 774; x_wconf 88' lang='lat' dir='ltr'>forte</span> <span class='ocrx_word' id='word_1_19' title='bbox 840 727 919 774; x_wconf 86' lang='lat' dir='ltr'>oum</span> <span class='ocrx_word' id='word_1_20' title='bbox 928 706 984 773; x_wconf 89' lang='lat' dir='ltr'>illa</span> <span class='ocrx_word' id='word_1_21' title='bbox 995 705 1101 771; x_wconf 86' lang='lat' dir='ltr'>lilium</span> <span class='ocrx_word' id='word_1_22' title='bbox 1113 723 1212 771; x_wconf 91' lang='lat' dir='ltr'>suum</span> <span class='ocrx_word' id='word_1_23' title='bbox 1222 709 1337 789; x_wconf 84' lang='lat' dir='ltr'>posset</span> 
     </span>
     <span class='ocr_line' id='line_1_4' title="bbox 264 816 1335 911; baseline -0.008 -19"><span class='ocrx_word' id='word_1_24' title='bbox 264 823 477 911; x_wconf 86' lang='lat' dir='ltr'>eonjungere.</span> <span class='ocrx_word' id='word_1_25' title='bbox 499 823 580 892; x_wconf 83' lang='lat' dir='ltr'>Erat</span> <span class='ocrx_word' id='word_1_26' title='bbox 600 823 692 892; x_wconf 90' lang='lat' dir='ltr'>enim</span> <span class='ocrx_word' id='word_1_27' title='bbox 713 822 791 890; x_wconf 89' lang='lat' dir='ltr'>huio</span> <span class='ocrx_word' id='word_1_28' title='bbox 812 821 963 909; x_wconf 82' lang='lat' dir='ltr'>episeopo</span> <span class='ocrx_word' id='word_1_29' title='bbox 979 828 1099 906; x_wconf 85' lang='lat' dir='ltr'>praeter</span> <span class='ocrx_word' id='word_1_30' title='bbox 1118 816 1335 886; x_wconf 88' lang='lat' dir='ltr'>Anastasium</span> 
     </span>
    </p>
   </div>
   <div class='ocr_carea' id='block_1_3' title="bbox 264 933 1335 1141">
    <p class='ocr_par' dir='ltr' id='par_1_3' title="bbox 264 933 1335 1141">
     <span class='ocr_line' id='line_1_5' title="bbox 265 933 1334 1027; baseline -0.007 -21"><span class='ocrx_word' id='word_1_31' title='bbox 265 939 347 1006; x_wconf 84' lang='lat' dir='ltr'>alter</span> <span class='ocrx_word' id='word_1_32' title='bbox 366 940 471 1027; x_wconf 85' lang='lat' dir='ltr'>lilius,</span> <span class='ocrx_word' id='word_1_33' title='bbox 493 939 701 1007; x_wconf 75' lang='lat' dir='ltr'>Eleumerius</span> <span class='ocrx_word' id='word_1_34' title='bbox 726 937 878 1022; x_wconf 89' lang='lat' dir='ltr'>nomine,</span> <span class='ocrx_word' id='word_1_35' title='bbox 902 937 960 1024; x_wconf 87' lang='lat' dir='ltr'>qui</span> <span class='ocrx_word' id='word_1_36' title='bbox 980 936 1009 1003; x_wconf 90' lang='lat' dir='ltr'>si</span> <span class='ocrx_word' id='word_1_37' title='bbox 1029 954 1122 1023; x_wconf 79' lang='lat' dir='ltr'>papa</span> <span class='ocrx_word' id='word_1_38' title='bbox 1148 933 1334 1002; x_wconf 83' lang='lat' dir='ltr'>efficeretur</span> 
     </span>
     <span class='ocr_line' id='line_1_6' title="bbox 264 1048 1335 1141; baseline -0.006 -19"><span class='ocrx_word' id='word_1_39' title='bbox 264 1074 380 1141; x_wconf 85' lang='lat' dir='ltr'>gener,</span> <span class='ocrx_word' id='word_1_40' title='bbox 400 1076 467 1122; x_wconf 92' lang='lat' dir='ltr'>non</span> <span class='ocrx_word' id='word_1_41' title='bbox 480 1056 588 1122; x_wconf 91' lang='lat' dir='ltr'>solum</span> <span class='ocrx_word' id='word_1_42' title='bbox 607 1054 738 1122; x_wconf 84' lang='lat' dir='ltr'>ridebat</span> <span class='ocrx_word' id='word_1_43' title='bbox 755 1052 931 1131; x_wconf 77' lang='lat' dir='ltr'>Arrenius,</span> <span class='ocrx_word' id='word_1_44' title='bbox 946 1049 1057 1138; x_wconf 89' lang='lat' dir='ltr'>justus</span> <span class='ocrx_word' id='word_1_45' title='bbox 1080 1050 1228 1137; x_wconf 77' lang='lat' dir='ltr'>pecunie</span> <span class='ocrx_word' id='word_1_46' title='bbox 1247 1048 1335 1116; x_wconf 84' lang='lat' dir='ltr'>aesti·</span> 
     </span>
    </p>
   </div>
   <div class='ocr_carea' id='block_1_4' title="bbox 265 1164 1458 1258">
    <p class='ocr_par' dir='ltr' id='par_1_4' title="bbox 265 1164 1458 1258">
     <span class='ocr_line' id='line_1_7' title="bbox 265 1164 1458 1258; baseline -0.005 -22"><span class='ocrx_word' id='word_1_47' title='bbox 265 1178 383 1252; x_wconf 87' lang='lat' dir='ltr'>mator,</span> <span class='ocrx_word' id='word_1_48' title='bbox 398 1171 589 1258; x_wconf 87' lang='lat' dir='ltr'>progeniem</span> <span class='ocrx_word' id='word_1_49' title='bbox 602 1190 697 1236; x_wconf 91' lang='lat' dir='ltr'>suam</span> <span class='ocrx_word' id='word_1_50' title='bbox 711 1189 748 1236; x_wconf 91' lang='lat' dir='ltr'>re</span> <span class='ocrx_word' id='word_1_51' title='bbox 762 1167 959 1256; x_wconf 75' lang='lat' dir='ltr'><strong>fortunaque</strong></span> <span class='ocrx_word' id='word_1_52' title='bbox 972 1168 1153 1236; x_wconf 85' lang='lat' dir='ltr'>auctiorem</span> <span class='ocrx_word' id='word_1_53' title='bbox 1169 1164 1332 1252; x_wconf 79' lang='lat' dir='ltr'>futuram,</span> <span class='ocrx_word' id='word_1_54' title='bbox 1457 1186 1458 1204; x_wconf 55' lang='grc' dir='ltr'>ι</span> 
     </span>
    </p>
   </div>
   <div class='ocr_carea' id='block_1_5' title="bbox 264 1281 1335 1722">
    <p class='ocr_par' dir='ltr' id='par_1_5' title="bbox 264 1281 1335 1722">
     <span class='ocr_line' id='line_1_8' title="bbox 265 1281 1335 1376; baseline -0.007 -20"><span class='ocrx_word' id='word_1_55' title='bbox 265 1287 335 1375; x_wconf 90' lang='lat' dir='ltr'>sed,</span> <span class='ocrx_word' id='word_1_56' title='bbox 345 1309 424 1355; x_wconf 89' lang='lat' dir='ltr'>eum</span> <span class='ocrx_word' id='word_1_57' title='bbox 431 1288 503 1376; x_wconf 86' lang='lat' dir='ltr'>jam</span> <span class='ocrx_word' id='word_1_58' title='bbox 514 1289 728 1356; x_wconf 83' lang='lat' dir='ltr'>Anastasium</span> <span class='ocrx_word' id='word_1_59' title='bbox 749 1286 836 1375; x_wconf 90' lang='lat' dir='ltr'>apud</span> <span class='ocrx_word' id='word_1_60' title='bbox 856 1285 1063 1355; x_wconf 83' lang='lat' dir='ltr'>Hadrianum</span> <span class='ocrx_word' id='word_1_61' title='bbox 1082 1281 1335 1369; x_wconf 77' lang='lat' dir='ltr'>polloeassetbi-</span> 
     </span>
     <span class='ocr_line' id='line_1_9' title="bbox 264 1396 1333 1491; baseline -0.006 -20"><span class='ocrx_word' id='word_1_62' title='bbox 264 1402 514 1472; x_wconf 86' lang='lat' dir='ltr'>bhotbeoarium</span> <span class='ocrx_word' id='word_1_63' title='bbox 527 1413 560 1472; x_wconf 91' lang='lat' dir='ltr'>et</span> <span class='ocrx_word' id='word_1_64' title='bbox 572 1404 756 1471; x_wconf 90' lang='lat' dir='ltr'>litterarum</span> <span class='ocrx_word' id='word_1_65' title='bbox 765 1403 969 1489; x_wconf 86' lang='lat' dir='ltr'>dictatorem,</span> <span class='ocrx_word' id='word_1_66' title='bbox 986 1401 1138 1491; x_wconf 81' lang='lat' dir='ltr'>sperabat</span> <span class='ocrx_word' id='word_1_67' title='bbox 1153 1419 1187 1468; x_wconf 87' lang='lat' dir='ltr'>se</span> <span class='ocrx_word' id='word_1_68' title='bbox 1202 1396 1333 1466; x_wconf 88' lang='lat' dir='ltr'>duobus</span> 
     </span>
     <span class='ocr_line' id='line_1_10' title="bbox 264 1513 1331 1606; baseline -0.004 -22"><span class='ocrx_word' id='word_1_69' title='bbox 264 1517 415 1606; x_wconf 87' lang='lat' dir='ltr'>adjutum</span> <span class='ocrx_word' id='word_1_70' title='bbox 425 1518 499 1586; x_wconf 88' lang='lat' dir='ltr'>filiis</span> <span class='ocrx_word' id='word_1_71' title='bbox 510 1539 624 1586; x_wconf 91' lang='lat' dir='ltr'>rerum</span> <span class='ocrx_word' id='word_1_72' title='bbox 636 1517 864 1586; x_wconf 89' lang='lat' dir='ltr'>Romanarum</span> <span class='ocrx_word' id='word_1_73' title='bbox 877 1516 984 1604; x_wconf 87' lang='lat' dir='ltr'>magis</span> <span class='ocrx_word' id='word_1_74' title='bbox 997 1516 1098 1584; x_wconf 87' lang='lat' dir='ltr'>etiam</span> <span class='ocrx_word' id='word_1_75' title='bbox 1112 1513 1210 1602; x_wconf 88' lang='lat' dir='ltr'>potiri</span> <span class='ocrx_word' id='word_1_76' title='bbox 1222 1531 1331 1601; x_wconf 87' lang='lat' dir='ltr'>posse,</span> 
     </span>
     <span class='ocr_line' id='line_1_11' title="bbox 264 1628 1330 1722; baseline -0.005 -21"><span class='ocrx_word' id='word_1_77' title='bbox 264 1642 297 1701; x_wconf 93' lang='lat' dir='ltr'>et</span> <span class='ocrx_word' id='word_1_78' title='bbox 318 1653 487 1701; x_wconf 87' lang='lat' dir='ltr'>summum</span> <span class='ocrx_word' id='word_1_79' title='bbox 505 1633 693 1722; x_wconf 83' lang='lat' dir='ltr'>pontificem</span> <span class='ocrx_word' id='word_1_80' title='bbox 709 1634 857 1721; x_wconf 87' lang='lat' dir='ltr'>undique</span> <span class='ocrx_word' id='word_1_81' title='bbox 877 1633 1024 1700; x_wconf 87' lang='lat' dir='ltr'>oinotum</span> <span class='ocrx_word' id='word_1_82' title='bbox 1043 1640 1142 1720; x_wconf 84' lang='lat' dir='ltr'>atque</span> <span class='ocrx_word' id='word_1_83' title='bbox 1163 1628 1330 1698; x_wconf 90' lang='lat' dir='ltr'>irretitum</span> 
     </span>
    </p>
   </div>
   <div class='ocr_carea' id='block_1_6' title="bbox 264 1750 1334 2070">
    <p class='ocr_par' dir='ltr' id='par_1_6' title="bbox 264 1750 1334 2070">
     <span class='ocr_line' id='line_1_12' title="bbox 264 1750 883 1838; baseline 0.002 -22"><span class='ocrx_word' id='word_1_84' title='bbox 264 1759 421 1838; x_wconf 84' lang='lat' dir='ltr'>perpetuo</span> <span class='ocrx_word' id='word_1_85' title='bbox 432 1751 468 1816; x_wconf 94' lang='lat' dir='ltr'>in</span> <span class='ocrx_word' id='word_1_86' title='bbox 482 1770 542 1818; x_wconf 90' lang='lat' dir='ltr'>sua</span> <span class='ocrx_word' id='word_1_87' title='bbox 555 1758 712 1838; x_wconf 74' lang='lat' dir='ltr'>potestate</span> <span class='ocrx_word' id='word_1_88' title='bbox 728 1750 883 1817; x_wconf 84' lang='lat' dir='ltr'>retinere.</span> 
     </span>
     <span class='ocr_line' id='line_1_13' title="bbox 308 1859 1333 1953; baseline -0.004 -21"><span class='ocrx_word' id='word_1_89' title='bbox 308 1865 351 1932; x_wconf 85' lang='lat' dir='ltr'>Et</span> <span class='ocrx_word' id='word_1_90' title='bbox 376 1865 510 1953; x_wconf 86' lang='lat' dir='ltr'>quidem</span> <span class='ocrx_word' id='word_1_91' title='bbox 536 1865 725 1934; x_wconf 84' lang='lat' dir='ltr'>Hadrianus</span> <span class='ocrx_word' id='word_1_92' title='bbox 737 1863 783 1952; x_wconf 89' lang='grc' dir='ltr'>Π,</span> <span class='ocrx_word' id='word_1_93' title='bbox 803 1873 842 1932; x_wconf 93' lang='lat' dir='ltr'>ut</span> <span class='ocrx_word' id='word_1_94' title='bbox 856 1873 929 1932; x_wconf 89' lang='lat' dir='ltr'>tum</span> <span class='ocrx_word' id='word_1_95' title='bbox 951 1862 1034 1932; x_wconf 90' lang='lat' dir='ltr'>nihil</span> <span class='ocrx_word' id='word_1_96' title='bbox 1058 1860 1099 1930; x_wconf 92' lang='lat' dir='ltr'>ab</span> <span class='ocrx_word' id='word_1_97' title='bbox 1121 1862 1185 1930; x_wconf 90' lang='lat' dir='ltr'>ista</span> <span class='ocrx_word' id='word_1_98' title='bbox 1208 1859 1333 1929; x_wconf 81' lang='lat' dir='ltr'>familia</span> 
     </span>
     <span class='ocr_line' id='line_1_14' title="bbox 264 1977 1334 2070; baseline -0.003 -21"><span class='ocrx_word' id='word_1_99' title='bbox 264 1980 409 2070; x_wconf 79' lang='lat' dir='ltr'>cavebat,</span> <span class='ocrx_word' id='word_1_100' title='bbox 432 1982 469 2048; x_wconf 94' lang='lat' dir='ltr'>in</span> <span class='ocrx_word' id='word_1_101' title='bbox 490 1983 645 2069; x_wconf 87' lang='lat' dir='ltr'>laqueum</span> <span class='ocrx_word' id='word_1_102' title='bbox 668 1979 802 2048; x_wconf 85' lang='lat' dir='ltr'>fortasse</span> <span class='ocrx_word' id='word_1_103' title='bbox 827 1979 1008 2067; x_wconf 70' lang='lat' dir='ltr'>invidisset,</span> <span class='ocrx_word' id='word_1_104' title='bbox 1034 1977 1099 2046; x_wconf 89' lang='lat' dir='ltr'>nisi</span> <span class='ocrx_word' id='word_1_105' title='bbox 1122 1977 1214 2046; x_wconf 92' lang='lat' dir='ltr'>illam</span> <span class='ocrx_word' id='word_1_106' title='bbox 1237 1997 1334 2046; x_wconf 88' lang='lat' dir='ltr'>suam</span> 
     </span>
    </p>
   </div>
   <div class='ocr_carea' id='block_1_7' title="bbox 263 2091 1458 2302">
    <p class='ocr_par' dir='ltr' id='par_1_7' title="bbox 263 2091 1458 2302">
     <span class='ocr_line' id='line_1_15' title="bbox 263 2091 1458 2184; baseline -0.007 -18"><span class='ocrx_word' id='word_1_107' title='bbox 263 2096 377 2180; x_wconf 89' lang='lat' dir='ltr'>liliam,</span> <span class='ocrx_word' id='word_1_108' title='bbox 393 2117 466 2184; x_wconf 84' lang='lat' dir='ltr'>quae</span> <span class='ocrx_word' id='word_1_109' title='bbox 487 2097 529 2165; x_wconf 93' lang='lat' dir='ltr'>ab</span> <span class='ocrx_word' id='word_1_110' title='bbox 547 2095 736 2164; x_wconf 80' lang='lat' dir='ltr'>Eleutherio</span> <span class='ocrx_word' id='word_1_111' title='bbox 754 2095 975 2182; x_wconf 88' lang='lat' dir='ltr'>ambiebatur,</span> <span class='ocrx_word' id='word_1_112' title='bbox 994 2094 1064 2182; x_wconf 88' lang='lat' dir='ltr'>ipso</span> <span class='ocrx_word' id='word_1_113' title='bbox 1079 2102 1176 2162; x_wconf 84' lang='lat' dir='ltr'>antea</span> <span class='ocrx_word' id='word_1_114' title='bbox 1190 2091 1332 2181; x_wconf 91' lang='lat' dir='ltr'>despon·</span> <span class='ocrx_word' id='word_1_115' title='bbox 1457 2143 1458 2158; x_wconf 29' lang='grc' dir='ltr'>ι</span> 
     </span>
     <span class='ocr_line' id='line_1_16' title="bbox 264 2209 1458 2302; baseline -0.004 -23"><span class='ocrx_word' id='word_1_116' title='bbox 264 2212 365 2281; x_wconf 90' lang='lat' dir='ltr'>disset</span> <span class='ocrx_word' id='word_1_117' title='bbox 382 2213 509 2297; x_wconf 80' lang='lat' dir='ltr'>alteri¹3</span> <span class='ocrx_word' id='word_1_118' title='bbox 525 2233 626 2299; x_wconf 83' lang='lat' dir='ltr'>quam</span> <span class='ocrx_word' id='word_1_119' title='bbox 643 2212 906 2301; x_wconf 88' lang='lat' dir='ltr'>promissionem,</span> <span class='ocrx_word' id='word_1_120' title='bbox 919 2211 991 2302; x_wconf 87' lang='lat' dir='ltr'>jam</span> <span class='ocrx_word' id='word_1_121' title='bbox 1004 2209 1097 2280; x_wconf 83' lang='lat' dir='ltr'>laetis</span> <span class='ocrx_word' id='word_1_122' title='bbox 1107 2209 1329 2300; x_wconf 76' lang='lat' dir='ltr'>sponsalibuS,</span> <span class='ocrx_word' id='word_1_123' title='bbox 1457 2221 1458 2248; x_wconf 74' lang='lat'><em>³</em></span> 
     </span>
    </p>
   </div>
   <div class='ocr_carea' id='block_1_8' title="bbox 263 2326 1333 2648">
    <p class='ocr_par' dir='ltr' id='par_1_8' title="bbox 263 2326 1333 2648">
     <span class='ocr_line' id='line_1_17' title="bbox 264 2326 760 2415; baseline 0.006 -22"><span class='ocrx_word' id='word_1_124' title='bbox 264 2326 415 2414; x_wconf 84' lang='lat' dir='ltr'>religioni</span> <span class='ocrx_word' id='word_1_125' title='bbox 429 2327 570 2396; x_wconf 85' lang='lat' dir='ltr'>hahebat</span> <span class='ocrx_word' id='word_1_126' title='bbox 582 2328 760 2415; x_wconf 82' lang='lat' dir='ltr'>negligere.</span> 
     </span>
     <span class='ocr_line' id='line_1_18' title="bbox 309 2440 1333 2532; baseline 0.002 -25"><span class='ocrx_word' id='word_1_127' title='bbox 309 2440 389 2510; x_wconf 87' lang='lat' dir='ltr'>Tres</span> <span class='ocrx_word' id='word_1_128' title='bbox 401 2441 503 2529; x_wconf 86' lang='lat' dir='ltr'>igitur</span> <span class='ocrx_word' id='word_1_129' title='bbox 516 2462 645 2512; x_wconf 84' lang='lat' dir='ltr'>menses</span> <span class='ocrx_word' id='word_1_130' title='bbox 663 2442 704 2510; x_wconf 91' lang='lat' dir='ltr'>ab</span> <span class='ocrx_word' id='word_1_131' title='bbox 721 2441 889 2511; x_wconf 87' lang='lat' dir='ltr'>Hadriano</span> <span class='ocrx_word' id='word_1_132' title='bbox 896 2461 979 2532; x_wconf 92' lang='lat' dir='ltr'>papa</span> <span class='ocrx_word' id='word_1_133' title='bbox 995 2451 1182 2511; x_wconf 88' lang='lat' dir='ltr'>oonsoorato</span> <span class='ocrx_word' id='word_1_134' title='bbox 1195 2450 1333 2530; x_wconf 83' lang='lat' dir='ltr'>praeter-</span> 
     </span>
     <span class='ocr_line' id='line_1_19' title="bbox 263 2554 1333 2648; baseline 0.002 -25"><span class='ocrx_word' id='word_1_135' title='bbox 263 2554 382 2645; x_wconf 88' lang='lat' dir='ltr'>ierant,</span> <span class='ocrx_word' id='word_1_136' title='bbox 395 2579 457 2627; x_wconf 90' lang='lat' dir='ltr'>neo</span> <span class='ocrx_word' id='word_1_137' title='bbox 470 2579 543 2647; x_wconf 83' lang='lat' dir='ltr'>spes</span> <span class='ocrx_word' id='word_1_138' title='bbox 557 2568 627 2628; x_wconf 88' lang='lat' dir='ltr'>erat</span> <span class='ocrx_word' id='word_1_139' title='bbox 640 2559 781 2628; x_wconf 85' lang='lat' dir='ltr'>Arsenio</span> <span class='ocrx_word' id='word_1_140' title='bbox 793 2561 985 2648; x_wconf 80' lang='lat' dir='ltr'>scrupulum</span> <span class='ocrx_word' id='word_1_141' title='bbox 995 2559 1140 2648; x_wconf 82' lang='lat' dir='ltr'>pontifici</span> <span class='ocrx_word' id='word_1_142' title='bbox 1162 2579 1199 2629; x_wconf 84' lang='lat' dir='ltr'>ex</span> <span class='ocrx_word' id='word_1_143' title='bbox 1219 2559 1333 2626; x_wconf 90' lang='lat' dir='ltr'>animo</span> 
     </span>
    </p>
   </div>
   <div class='ocr_carea' id='block_1_9' title="bbox 263 2674 1458 2996">
    <p class='ocr_par' dir='ltr' id='par_1_9' title="bbox 263 2667 1458 2996">
     <span class='ocr_line' id='line_1_20' title="bbox 264 2674 1332 2763; baseline -0.001 -21"><span class='ocrx_word' id='word_1_144' title='bbox 264 2675 411 2744; x_wconf 86' lang='lat' dir='ltr'>evellere.</span> <span class='ocrx_word' id='word_1_145' title='bbox 434 2674 530 2756; x_wconf 79' lang='lat' dir='ltr'>Quod</span> <span class='ocrx_word' id='word_1_146' title='bbox 551 2697 629 2747; x_wconf 86' lang='lat' dir='ltr'>oum</span> <span class='ocrx_word' id='word_1_147' title='bbox 649 2676 819 2763; x_wconf 86' lang='lat' dir='ltr'>intelligit,</span> <span class='ocrx_word' id='word_1_148' title='bbox 845 2675 994 2745; x_wconf 86' lang='lat' dir='ltr'>admovet</span> <span class='ocrx_word' id='word_1_149' title='bbox 1015 2675 1112 2744; x_wconf 90' lang='lat' dir='ltr'>aliam</span> <span class='ocrx_word' id='word_1_150' title='bbox 1143 2675 1332 2743; x_wconf 86' lang='lat' dir='ltr'>machinam</span> 
     </span>
     <span class='ocr_line' id='line_1_21' title="bbox 263 2789 1333 2880; baseline -0.002 -21"><span class='ocrx_word' id='word_1_151' title='bbox 263 2789 515 2880; x_wconf 87' lang='lat' dir='ltr'>Eleutherioque</span> <span class='ocrx_word' id='word_1_152' title='bbox 543 2801 654 2862; x_wconf 79' lang='lat' dir='ltr'>auctor</span> <span class='ocrx_word' id='word_1_153' title='bbox 680 2801 729 2860; x_wconf 87' lang='lat' dir='ltr'>est</span> <span class='ocrx_word' id='word_1_154' title='bbox 755 2800 794 2859; x_wconf 92' lang='lat' dir='ltr'>ut</span> <span class='ocrx_word' id='word_1_155' title='bbox 815 2792 918 2861; x_wconf 87' lang='lat' dir='ltr'>filiam</span> <span class='ocrx_word' id='word_1_156' title='bbox 939 2797 1031 2879; x_wconf 82' lang='lat' dir='ltr'>pape</span> <span class='ocrx_word' id='word_1_157' title='bbox 1053 2791 1171 2878; x_wconf 89' lang='lat' dir='ltr'>rapiat,</span> <span class='ocrx_word' id='word_1_158' title='bbox 1191 2810 1333 2880; x_wconf 91' lang='lat' dir='ltr'>eamque</span> 
     </span>
     <span class='ocr_line' id='line_1_22' title="bbox 266 2901 1458 2996; baseline -0.002 -22"><span class='ocrx_word' id='word_1_159' title='bbox 266 2907 341 2996; x_wconf 91' lang='lat' dir='ltr'>sibi,</span> <span class='ocrx_word' id='word_1_160' title='bbox 362 2907 492 2996; x_wconf 88' lang='lat' dir='ltr'>injussu</span> <span class='ocrx_word' id='word_1_161' title='bbox 515 2908 672 2996; x_wconf 86' lang='lat' dir='ltr'>parentis,</span> <span class='ocrx_word' id='word_1_162' title='bbox 688 2908 899 2992; x_wconf 84' lang='lat' dir='ltr'>matrimonio</span> <span class='ocrx_word' id='word_1_163' title='bbox 924 2906 1053 2996; x_wconf 90' lang='lat' dir='ltr'>jungat,</span> <span class='ocrx_word' id='word_1_164' title='bbox 1076 2916 1168 2975; x_wconf 89' lang='lat' dir='ltr'>ratus</span> <span class='ocrx_word' id='word_1_165' title='bbox 1189 2905 1333 2975; x_wconf 90' lang='lat' dir='ltr'>Hadria·</span> <span class='ocrx_word' id='word_1_166' title='bbox 1457 2901 1458 2930; x_wconf 81' lang='lat'>³</span> 
     </span>
    </p>
   </div>
   <div class='ocr_carea' id='block_1_10' title="bbox 264 3022 1331 3693">
    <p class='ocr_par' dir='ltr' id='par_1_10' title="bbox 265 3022 1330 3323">
     <span class='ocr_line' id='line_1_23' title="bbox 266 3022 1328 3113; baseline 0.002 -23"><span class='ocrx_word' id='word_1_167' title='bbox 266 3045 361 3112; x_wconf 91' lang='lat' dir='ltr'>num,</span> <span class='ocrx_word' id='word_1_168' title='bbox 382 3025 410 3092; x_wconf 92' lang='lat' dir='ltr'>si</span> <span class='ocrx_word' id='word_1_169' title='bbox 427 3045 498 3092; x_wconf 88' lang='lat' dir='ltr'>rem</span> <span class='ocrx_word' id='word_1_170' title='bbox 518 3022 635 3093; x_wconf 82' lang='lat' dir='ltr'>laetam</span> <span class='ocrx_word' id='word_1_171' title='bbox 654 3024 789 3112; x_wconf 86' lang='lat' dir='ltr'>videret,</span> <span class='ocrx_word' id='word_1_172' title='bbox 807 3024 878 3113; x_wconf 89' lang='lat' dir='ltr'>jam</span> <span class='ocrx_word' id='word_1_173' title='bbox 896 3046 964 3093; x_wconf 92' lang='lat' dir='ltr'>non</span> <span class='ocrx_word' id='word_1_174' title='bbox 978 3032 1255 3113; x_wconf 88' lang='lat' dir='ltr'>repugnaturum,</span> <span class='ocrx_word' id='word_1_175' title='bbox 1271 3023 1328 3092; x_wconf 89' lang='lat' dir='ltr'>sed</span> 
     </span>
     <span class='ocr_line' id='line_1_24' title="bbox 265 3139 1330 3229; baseline 0.001 -24"><span class='ocrx_word' id='word_1_176' title='bbox 265 3159 357 3226; x_wconf 84' lang='lat' dir='ltr'>aequo</span> <span class='ocrx_word' id='word_1_177' title='bbox 371 3140 494 3227; x_wconf 87' lang='lat' dir='ltr'>animo,</span> <span class='ocrx_word' id='word_1_178' title='bbox 510 3139 544 3208; x_wconf 94' lang='lat' dir='ltr'>id</span> <span class='ocrx_word' id='word_1_179' title='bbox 566 3139 652 3228; x_wconf 90' lang='lat' dir='ltr'>quod</span> <span class='ocrx_word' id='word_1_180' title='bbox 671 3139 831 3228; x_wconf 91' lang='lat' dir='ltr'>impedire</span> <span class='ocrx_word' id='word_1_181' title='bbox 852 3162 919 3208; x_wconf 94' lang='lat' dir='ltr'>non</span> <span class='ocrx_word' id='word_1_182' title='bbox 941 3147 1102 3229; x_wconf 85' lang='lat' dir='ltr'>potuerat,</span> <span class='ocrx_word' id='word_1_183' title='bbox 1118 3139 1225 3208; x_wconf 86' lang='lat' dir='ltr'>serius</span> <span class='ocrx_word' id='word_1_184' title='bbox 1239 3139 1330 3207; x_wconf 85' lang='lat' dir='ltr'>ocius</span> 
     </span>
     <span class='ocr_line' id='line_1_25' title="bbox 265 3254 422 3323; baseline 0.006 -1"><span class='ocrx_word' id='word_1_185' title='bbox 265 3254 422 3323; x_wconf 88' lang='lat' dir='ltr'>laturum.</span> 
     </span>
    </p>

    <p class='ocr_par' dir='ltr' id='par_1_11' title="bbox 264 3369 1331 3693">
     <span class='ocr_line' id='line_1_26' title="bbox 309 3369 1331 3460; baseline 0 -23"><span class='ocrx_word' id='word_1_186' title='bbox 309 3371 355 3437; x_wconf 84' lang='lat' dir='ltr'>At</span> <span class='ocrx_word' id='word_1_187' title='bbox 372 3372 408 3438; x_wconf 94' lang='lat' dir='ltr'>in</span> <span class='ocrx_word' id='word_1_188' title='bbox 425 3372 486 3438; x_wconf 90' lang='lat' dir='ltr'>hoo</span> <span class='ocrx_word' id='word_1_189' title='bbox 499 3372 681 3440; x_wconf 84' lang='lat' dir='ltr'>Arsenium</span> <span class='ocrx_word' id='word_1_190' title='bbox 692 3370 804 3441; x_wconf 79' lang='lat' dir='ltr'>fefellit</span> <span class='ocrx_word' id='word_1_191' title='bbox 816 3371 1016 3460; x_wconf 88' lang='lat' dir='ltr'>oonjeotura.</span> <span class='ocrx_word' id='word_1_192' title='bbox 1033 3371 1083 3440; x_wconf 86' lang='lat' dir='ltr'>Re</span> <span class='ocrx_word' id='word_1_193' title='bbox 1100 3369 1235 3458; x_wconf 89' lang='lat' dir='ltr'>quidem</span> <span class='ocrx_word' id='word_1_194' title='bbox 1255 3389 1331 3438; x_wconf 86' lang='lat' dir='ltr'>vera</span> 
     </span>
     <span class='ocr_line' id='line_1_27' title="bbox 264 3483 1330 3575; baseline -0.003 -20"><span class='ocrx_word' id='word_1_195' title='bbox 264 3483 471 3556; x_wconf 84' lang='lat' dir='ltr'>Eleutherius</span> <span class='ocrx_word' id='word_1_196' title='bbox 491 3488 665 3556; x_wconf 89' lang='lat' dir='ltr'>mulierem</span> <span class='ocrx_word' id='word_1_197' title='bbox 688 3488 776 3556; x_wconf 89' lang='lat' dir='ltr'>haud</span> <span class='ocrx_word' id='word_1_198' title='bbox 800 3487 930 3575; x_wconf 85' lang='lat' dir='ltr'>egregie</span> <span class='ocrx_word' id='word_1_199' title='bbox 946 3507 980 3556; x_wconf 87' lang='lat' dir='ltr'>se</span> <span class='ocrx_word' id='word_1_200' title='bbox 994 3495 1143 3556; x_wconf 85' lang='lat' dir='ltr'>tuentem</span> <span class='ocrx_word' id='word_1_201' title='bbox 1164 3485 1330 3556; x_wconf 84' lang='lat' dir='ltr'>invenisse</span> 
     </span>
     <span class='ocr_line' id='line_1_28' title="bbox 265 3601 1330 3693; baseline -0.004 -20"><span class='ocrx_word' id='word_1_202' title='bbox 265 3601 431 3691; x_wconf 77' lang='lat' dir='ltr'>videtur²;</span> <span class='ocrx_word' id='word_1_203' title='bbox 457 3603 513 3672; x_wconf 87' lang='lat' dir='ltr'>sed</span> <span class='ocrx_word' id='word_1_204' title='bbox 537 3603 725 3671; x_wconf 87' lang='lat' dir='ltr'>Hadrianus</span> <span class='ocrx_word' id='word_1_205' title='bbox 742 3611 846 3693; x_wconf 85' lang='lat' dir='ltr'>pater,</span> <span class='ocrx_word' id='word_1_206' title='bbox 863 3611 900 3670; x_wconf 91' lang='lat' dir='ltr'>ut</span> <span class='ocrx_word' id='word_1_207' title='bbox 912 3602 1015 3670; x_wconf 88' lang='lat' dir='ltr'>filiam</span> <span class='ocrx_word' id='word_1_208' title='bbox 1037 3622 1133 3671; x_wconf 90' lang='lat' dir='ltr'>suam</span> <span class='ocrx_word' id='word_1_209' title='bbox 1154 3601 1330 3670; x_wconf 86' lang='lat' dir='ltr'>abductam</span> 
     </span>
    </p>
   </div>
   <div class='ocr_carea' id='block_1_11' title="bbox 265 3751 1333 3986">
    <p class='ocr_par' dir='ltr' id='par_1_12' title="bbox 265 3751 1333 3986">
     <span class='ocr_line' id='line_1_29' title="bbox 265 3751 1333 3826; baseline -0.006 -12"><span class='ocrx_word' id='word_1_210' title='bbox 265 3762 397 3814; x_wconf 81' lang='lat' dir='ltr'>tlliusVitre</span> <span class='ocrx_word' id='word_1_211' title='bbox 409 3771 416 3813; x_wconf 84' lang='lat' dir='ltr'>t</span> <span class='ocrx_word' id='word_1_212' title='bbox 432 3779 446 3810; x_wconf 84' lang='grc' dir='ltr'>ι</span> <span class='ocrx_word' id='word_1_213' title='bbox 458 3762 604 3826; x_wconf 82' lang='lat' dir='ltr'>Stephanus,</span> <span class='ocrx_word' id='word_1_214' title='bbox 615 3763 710 3812; x_wconf 86' lang='lat' dir='ltr'>natione</span> <span class='ocrx_word' id='word_1_215' title='bbox 719 3763 851 3826; x_wconf 84' lang='lat' dir='ltr'>Romanus,</span> <span class='ocrx_word' id='word_1_216' title='bbox 905 3761 981 3812; x_wconf 83' lang='lat' dir='ltr'>nobili</span> <span class='ocrx_word' id='word_1_217' title='bbox 992 3760 1105 3826; x_wconf 82' lang='lat' dir='ltr'>prosapia</span> <span class='ocrx_word' id='word_1_218' title='bbox 1117 3765 1191 3826; x_wconf 81' lang='lat' dir='ltr'>atquo</span> <span class='ocrx_word' id='word_1_219' title='bbox 1204 3751 1333 3810; x_wconf 65' lang='lat' dir='ltr'>clarissimo</span> 
     </span>
     <span class='ocr_line' id='line_1_30' title="bbox 265 3840 1330 3908; baseline -0.003 -15"><span class='ocrx_word' id='word_1_220' title='bbox 265 3857 354 3906; x_wconf 85' lang='lat' dir='ltr'>genero</span> <span class='ocrx_word' id='word_1_221' title='bbox 367 3850 455 3893; x_wconf 73' lang='lat' dir='ltr'>ortus»</span> <span class='ocrx_word' id='word_1_222' title='bbox 470 3841 588 3906; x_wconf 82' lang='lat' dir='ltr'>(Vignoli,</span> <span class='ocrx_word' id='word_1_223' title='bbox 600 3848 621 3891; x_wconf 91' lang='lat' dir='ltr'>t.</span> <span class='ocrx_word' id='word_1_224' title='bbox 638 3844 670 3904; x_wconf 90' lang='lat'>11,</span> <span class='ocrx_word' id='word_1_225' title='bbox 685 3857 710 3902; x_wconf 85' lang='lat' dir='ltr'>p.</span> <span class='ocrx_word' id='word_1_226' title='bbox 727 3843 795 3906; x_wconf 82' lang='grc'>316).</span> <span class='ocrx_word' id='word_1_227' title='bbox 808 3845 888 3908; x_wconf 79' lang='lat' dir='ltr'>Atque</span> <span class='ocrx_word' id='word_1_228' title='bbox 903 3842 982 3902; x_wconf 84' lang='lat' dir='ltr'>Sergii</span> <span class='ocrx_word' id='word_1_229' title='bbox 999 3843 1021 3893; x_wconf 90' lang='grc' dir='ltr'>ΙΙ</span> <span class='ocrx_word' id='word_1_230' title='bbox 1036 3842 1070 3891; x_wconf 85' lang='lat' dir='ltr'>aio</span> <span class='ocrx_word' id='word_1_231' title='bbox 1085 3855 1163 3904; x_wconf 83' lang='lat' dir='ltr'>genus</span> <span class='ocrx_word' id='word_1_232' title='bbox 1176 3840 1330 3891; x_wconf 75' lang='lat' dir='ltr'>celebratura</span> 
     </span>
     <span class='ocr_line' id='line_1_31' title="bbox 267 3918 1332 3986; baseline -0.002 -16"><span class='ocrx_word' id='word_1_233' title='bbox 267 3923 336 3974; x_wconf 80' lang='lat' dir='ltr'>ollio</span> <span class='ocrx_word' id='word_1_234' title='bbox 353 3938 408 3973; x_wconf 87' lang='lat' dir='ltr'>oum</span> <span class='ocrx_word' id='word_1_235' title='bbox 427 3923 514 3974; x_wconf 81' lang='lat' dir='ltr'>illustri</span> <span class='ocrx_word' id='word_1_236' title='bbox 534 3923 642 3974; x_wconf 78' lang='lat' dir='ltr'>editura</span> <span class='ocrx_word' id='word_1_237' title='bbox 662 3926 738 3970; x_wconf 84' lang='lat' dir='ltr'>matre</span> <span class='ocrx_word' id='word_1_238' title='bbox 760 3921 899 3973; x_wconf 79' lang='lat' dir='ltr'>luisset...»</span> <span class='ocrx_word' id='word_1_239' title='bbox 922 3919 972 3973; x_wconf 84' lang='lat' dir='ltr'>Vit.</span> <span class='ocrx_word' id='word_1_240' title='bbox 989 3921 1077 3986; x_wconf 70' lang='lat' dir='ltr'>Serpit</span> <span class='ocrx_word' id='word_1_241' title='bbox 1093 3919 1127 3983; x_wconf 87' lang='lat'>11,</span> <span class='ocrx_word' id='word_1_242' title='bbox 1148 3918 1332 3985; x_wconf 85' lang='lat' dir='ltr'>e.1(Viguoli,</span> 
     </span>
    </p>
   </div>
   <div class='ocr_carea' id='block_1_12' title="bbox 265 4003 1334 4390">
    <p class='ocr_par' dir='ltr' id='par_1_13' title="bbox 265 4003 1334 4390">
     <span class='ocr_line' id='line_1_32' title="bbox 265 4003 1328 4149; baseline -0.003 -16"><span class='ocrx_word' id='word_1_243' title='bbox 265 4006 284 4052; x_wconf 43' lang='lat' dir='ltr'>t.</span> <span class='ocrx_word' id='word_1_244' title='bbox 297 4003 311 4133; x_wconf 80' lang='grc' dir='ltr'>1Ι</span> <span class='ocrx_word' id='word_1_245' title='bbox 314 4004 453 4133; x_wconf 56' lang='lat' dir='ltr'>nllli&#39;rllzlhr</span> <span class='ocrx_word' id='word_1_246' title='bbox 463 4083 579 4134; x_wconf 85' lang='lat' dir='ltr'>Hadriani</span> <span class='ocrx_word' id='word_1_247' title='bbox 589 4089 656 4149; x_wconf 75' lang='lat' dir='ltr'>pape</span> <span class='ocrx_word' id='word_1_248' title='bbox 665 4082 695 4133; x_wconf 88' lang='lat' dir='ltr'>ab</span> <span class='ocrx_word' id='word_1_249' title='bbox 707 4081 753 4132; x_wconf 86' lang='lat' dir='ltr'>alio</span> <span class='ocrx_word' id='word_1_250' title='bbox 762 4080 937 4146; x_wconf 83' lang='lat' dir='ltr'>desponsatam.</span> <span class='ocrx_word' id='word_1_251' title='bbox 952 4099 966 4131; x_wconf 85' lang='grc' dir='ltr'>ιι</span> <span class='ocrx_word' id='word_1_252' title='bbox 981 4079 1105 4133; x_wconf 85' lang='lat' dir='ltr'>ilinomari</span> <span class='ocrx_word' id='word_1_253' title='bbox 1117 4078 1236 4144; x_wconf 72' lang='lat' dir='ltr'>Aaookr,</span> <span class='ocrx_word' id='word_1_254' title='bbox 1249 4094 1272 4131; x_wconf 82' lang='lat' dir='ltr'>a.</span> <span class='ocrx_word' id='word_1_255' title='bbox 1282 4079 1328 4130; x_wconf 73' lang='lat'>868</span> 
     </span>
     <span class='ocr_line' id='line_1_33' title="bbox 267 4162 1334 4318; baseline -0.002 -26"><span class='ocrx_word' id='word_1_256' title='bbox 267 4162 525 4318; x_wconf 46' lang='lat' dir='ltr'>tPgrtzdukdtQmio</span> <span class='ocrx_word' id='word_1_257' title='bbox 543 4253 571 4294; x_wconf 83' lang='lat' dir='ltr'>ox</span> <span class='ocrx_word' id='word_1_258' title='bbox 587 4243 633 4294; x_wconf 84' lang='lat' dir='ltr'>hao</span> <span class='ocrx_word' id='word_1_259' title='bbox 650 4242 771 4294; x_wconf 82' lang='lat' dir='ltr'>Hinomari</span> <span class='ocrx_word' id='word_1_260' title='bbox 789 4241 924 4292; x_wconf 82' lang='lat' dir='ltr'>narratione</span> <span class='ocrx_word' id='word_1_261' title='bbox 940 4257 946 4292; x_wconf 88' lang='grc'>;</span> <span class='ocrx_word' id='word_1_262' title='bbox 965 4241 1079 4302; x_wconf 74' lang='lat' dir='ltr'>«Quarta</span> <span class='ocrx_word' id='word_1_263' title='bbox 1095 4247 1177 4292; x_wconf 81' lang='lat' dir='ltr'>autem</span> <span class='ocrx_word' id='word_1_264' title='bbox 1199 4241 1260 4290; x_wconf 78' lang='lat' dir='ltr'>laria</span> <span class='ocrx_word' id='word_1_265' title='bbox 1277 4245 1334 4306; x_wconf 79' lang='lat' dir='ltr'>poet</span> 
     </span>
     <span class='ocr_line' id='line_1_34' title="bbox 266 4320 1332 4390; baseline -0.001 -17"><span class='ocrx_word' id='word_1_266' title='bbox 266 4321 361 4373; x_wconf 89' lang='lat' dir='ltr'>initium</span> <span class='ocrx_word' id='word_1_267' title='bbox 385 4322 574 4388; x_wconf 78' lang='lat' dir='ltr'>quadragesime</span> <span class='ocrx_word' id='word_1_268' title='bbox 600 4323 672 4390; x_wconf 79' lang='lat' dir='ltr'>(quo,</span> <span class='ocrx_word' id='word_1_269' title='bbox 694 4325 741 4376; x_wconf 86' lang='lat' dir='ltr'>hoo</span> <span class='ocrx_word' id='word_1_270' title='bbox 758 4337 820 4374; x_wconf 80' lang='lat' dir='ltr'>anno</span> <span class='ocrx_word' id='word_1_271' title='bbox 840 4323 898 4387; x_wconf 82' lang='lat'>868,</span> <span class='ocrx_word' id='word_1_272' title='bbox 918 4337 932 4372; x_wconf 82' lang='lat' dir='ltr'>a</span> <span class='ocrx_word' id='word_1_273' title='bbox 954 4321 1025 4373; x_wconf 79' lang='lat' dir='ltr'>diei</span> <span class='ocrx_word' id='word_1_274' title='bbox 1046 4320 1171 4376; x_wconf 78' lang='lat' dir='ltr'>mllartii</span> <span class='ocrx_word' id='word_1_275' title='bbox 1187 4320 1332 4388; x_wconf 78' lang='lat' dir='ltr'>indeparat),</span> 
     </span>
    </p>
   </div>
   <div class='ocr_carea' id='block_1_13' title="bbox 0 0 1482 5050">
    <p class='ocr_par' dir='ltr' id='par_1_14' title="bbox 0 0 1482 5050">
     <span class='ocr_line' id='line_1_35' title="bbox 0 0 1482 5050; baseline 0 0"><span class='ocrx_word' id='word_1_276' title='bbox 0 0 1482 5050; x_wconf 95' lang='lat' dir='ltr'> </span> 
     </span>
    </p>
   </div>
  </div>
 </body>
</html>
