2944 5060
240 463 285 512 320
603 461 796 512 APPENDIX
823 460 937 512 PRIOR

242 606 334 660 multa
348 603 448 673 debeo,
465 607 493 659 et
507 620 594 676 quem
613 605 737 661 multum
751 603 839 674 diligo
859 619 892 658 ac
915 602 950 657 de
966 619 1021 674 quo
1037 602 1160 657 multum
1175 599 1306 657 conlido.

242 694 376 750 Ceterum
401 691 527 764 epistolae
559 692 658 749 domni
684 692 831 764 apostolici
856 708 909 765 per
931 691 1082 762 Egilonem
1108 690 1308 746 venerabilem

242 781 487 853 archiepiscopum
506 781 591 838 nobis
607 782 733 850 directae,
749 782 786 838 ad
804 785 903 837 nostra
918 781 1023 853 scripta
1042 780 1259 853 respondentes,
1276 779 1309 834 in

243 874 413 948 quibusdam
428 875 512 930 aliter
525 879 694 945 sonuerunt,
714 893 801 948 quam
822 892 875 930 nos
893 892 952 930 suae
970 874 1115 930 sanctitati
1135 877 1164 929 et
1179 873 1308 930 auctori-

241 963 295 1018 tati
308 963 513 1036 scripserimus.
531 964 589 1020 Sed
607 969 700 1020 certus
715 963 793 1020 sum¹
811 964 880 1037 quia
898 981 957 1019 non
972 963 1057 1020 aliter
1070 963 1131 1035 ipse
1147 963 1233 1018 nobis
1258 979 1309 1017 re·

241 1052 362 1124 scripsit,
389 1052 443 1108 nisi
466 1056 498 1107 ul
519 1052 677 1126 inscriptis
693 1070 727 1109 ex
743 1056 842 1108 nostra
856 1056 937 1124 parte
953 1052 1006 1108 sibi
1030 1051 1169 1124 porrectis
1183 1051 1306 1107 invenit.

242 1141 298 1196 Nos
311 1145 409 1196 tamen
421 1159 488 1197 vera
502 1142 678 1213 exemplaria
690 1141 860 1197 eorumdem
874 1141 1048 1213 scriptorum
1074 1157 1091 1196 a
1105 1140 1190 1196 uobis
1205 1139 1309 1196 misso-

242 1247 308 1286 rum
330 1231 478 1299 habentes,
509 1231 543 1286 de
570 1230 741 1302 quibusdam
768 1230 858 1286 causis
878 1247 937 1286 non
962 1230 1003 1286 ita
1029 1230 1206 1302 scripsimus,
1235 1230 1310 1285 sicut

243 1320 350 1375 habere
365 1319 475 1390 scriptis
491 1322 552 1391 ejus
565 1321 733 1390 relegimus.
752 1319 831 1374 Unde
845 1320 868 1374 si
878 1320 947 1375 etin
961 1319 1005 1375 his
1019 1319 1131 1392 scriptis
1143 1318 1180 1374 de
1195 1319 1307 1391 synodo

244 1405 449 1480 apudTrecas²
463 1408 513 1464 sub
533 1407 634 1480 sigillis
652 1409 778 1482 quinque
798 1409 999 1481 episcoporum
1016 1425 1156 1465 consensu
1173 1408 1308 1464 omniurn

244 1495 292 1569 qui
319 1495 513 1553 interfuerunt
542 1497 668 1567 directis,
684 1499 775 1565 aliter,
799 1496 876 1571 quod
896 1498 1026 1552 futurum
1044 1515 1104 1554 non
1118 1497 1273 1566 credimus,
1289 1513 1310 1552 a

244 1601 415 1658 quocunque
430 1586 517 1643 fuerit
531 1587 660 1656 missum,
676 1589 720 1643 vel
735 1591 836 1644 contra
851 1605 885 1642 ea
897 1587 1108 1657 transmissum,
1123 1587 1170 1642 hic
1189 1603 1308 1642 venera·

244 1673 308 1729 bilis
322 1673 412 1730 frater
433 1678 462 1730 et
476 1676 660 1748 coepiscopus
674 1679 770 1731 noster
790 1677 929 1732 Actardus
944 1693 1011 1732 vera
1030 1675 1208 1748 exemplaria
1219 1673 1309 1747 scrip·

244 1766 341 1820 torum
365 1764 494 1836 ejusdem
512 1764 616 1836 synodi
631 1782 664 1820 ex
683 1766 856 1822 authenticis
870 1765 989 1838 accepit,
1010 1782 1073 1838 quae
1099 1765 1208 1820 domno
1238 1780 1308 1836 apo·

244 1853 343 1909 stolico
357 1857 528 1922 monstrare,
545 1853 669 1910 siluerit
687 1871 814 1922 necesse,
832 1855 949 1911 valebit.
972 1855 1041 1920 Quae
1056 1853 1130 1910 forle
1146 1855 1253 1910 collata
1264 1853 1310 1908 his

245 1959 308 2014 quae
330 1943 420 1998 Leoni
443 1959 524 2014 papae
547 1943 582 1998 ab
610 1943 750 2016 episcopis
762 1944 976 2016 provinciarum
996 1943 1219 2016 Cisalpinorum,
1244 1946 1272 1998 ct
1291 1960 1311 1998 a

245 2031 381 2087 Lothario
393 2033 578 2104 imperatore,
594 2032 645 2086 sed
657 2035 686 2087 et
699 2049 795 2104 arege
809 2034 909 2089 Carolo
926 2034 1035 2089 directa
1048 2033 1175 2102 fuerunt,
1185 2031 1222 2088 de
1236 2047 1311 2104 quo-

246 2135 311 2175 rum
324 2121 567 2192 exemplariorum
578 2138 663 2176 sensu
684 2123 746 2177 hac
758 2122 845 2177 missa
870 2122 995 2195 episcopi
1009 2123 1200 2194 collegerunt,
1215 2125 1247 2176 ut
1261 2139 1311 2176 au-

244 2211 336 2278 tumo,
364 2227 422 2265 non
448 2210 613 2266 discordare
640 2211 787 2266 intellectu
806 2211 997 2278 invenientur,
1018 2228 1185 2285 quanquam
1209 2211 1311 2267 mitius

247 2298 380 2371 quaedam
398 2299 563 2371 scripserint
578 2301 627 2372 qui
641 2299 729 2372 gestis
743 2317 800 2356 non
813 2301 1016 2369 interfuerunt,
1041 2318 1128 2373 quarn
1149 2299 1192 2355 illi
1212 2299 1312 2372 quiea

247 2404 310 2460 quae
331 2391 482 2458 gesserunt
500 2388 601 2461 Sergio
616 2405 697 2461 papae
712 2389 855 2445 mittenda
870 2394 899 2445 et
917 2390 1006 2446 Leoni
1019 2390 1107 2445 missa
1123 2391 1311 2462 scripserunt.

246 2477 281 2530 Et
306 2477 341 2532 de
365 2476 545 2533 restitutione
570 2477 674 2534 Ebonis
693 2494 746 2549 per
773 2477 899 2534 edictum
924 2478 1050 2534 lotharii
1076 2477 1260 2550 imperatoris
1277 2477 1311 2532 in

246 2564 356 2637 scriptis
382 2565 439 2620 suis
471 2566 538 2622 ideo
561 2573 628 2622 non'
642 2567 792 2636 miserunt,
810 2567 949 2640 quoniam
963 2567 1016 2640 ipsi
1032 2567 1169 2640 episcopi,
1185 2583 1311 2640 quorum

246 2653 354 2709 ibidem
369 2654 489 2710 nomina
502 2656 563 2711 sine
578 2656 694 2712 illorum
707 2656 961 2728 subscriptionibus
972 2660 1037 2712 sunt
1051 2655 1200 2725 adnotata,
1214 2656 1311 2711 eidem

248 2743 440 2816 qualicunque
469 2745 643 2801 restitutioni
668 2762 698 2800 se
732 2762 790 2801 non
822 2744 985 2802 interluisse
1012 2745 1157 2815 dixerunt,
1186 2743 1260 2800 sicut
1281 2749 1311 2800 el

247 2832 394 2888 llothadus
405 2835 493 2889 modo
513 2833 543 2889 in
556 2834 665 2906 synodo
689 2834 766 2906 apud
782 2835 884 2890 Trecas
898 2834 978 2890 dixit.
994 2836 1042 2890 Est
1057 2835 1155 2904 etiam,
1170 2833 1312 2907 quoniam

248 2926 277 2977 et
297 2941 315 2978 a
339 2923 440 2995 Sergio
464 2926 529 2996 post
547 2922 680 2978 eamdem
700 2923 913 2979 restitutionem
928 2924 1120 2980 damnationis
1134 2923 1312 2979 sententiam

247 3010 277 3067 in
300 3027 366 3068 eum
392 3012 535 3086 prolatam
557 3013 703 3083 legerunt,
724 3012 795 3068 sieut
816 3013 914 3068 Codex
940 3011 1132 3086 episcopalis³
1149 3015 1178 3068 et
1206 3011 1312 3068 littere

248 3099 348 3156 domni
367 3099 515 3173 apostolici
529 3117 581 3172 per
596 3101 746 3173 Egilonem
760 3101 843 3156 nobis
862 3101 955 3158 missae
968 3101 1195 3158 demonstrant⁴.
1213 3101 1313 3158 Sedet

249 3188 284 3245 de
300 3191 398 3246 charta
411 3188 672 3262 transmigrationis
688 3190 725 3246 ad
748 3190 835 3245 aliam
850 3190 1016 3263 parochiam
1037 3208 1055 3246 a
1074 3190 1214 3263 Gregorio
1234 3206 1312 3263 papa

247 3279 367 3350 praelato
384 3279 475 3335 Eboni
492 3279 578 3347 facta,
599 3278 672 3334 nihil
697 3279 728 3334 in
752 3279 894 3351 praedictis
919 3296 1020 3336 eorum
1042 3280 1154 3352 scriptis
1174 3281 1310 3348 habetur,

250 3367 387 3440 quoniam
398 3367 429 3423 in
443 3366 505 3424 istis
519 3367 623 3423 nostris
637 3367 802 3440 regionibus
817 3372 902 3425 antea
916 3369 976 3426 visa
985 3386 1045 3425 non
1061 3369 1123 3440 luit,
1143 3369 1200 3424 nisi
1209 3367 1309 3438 modo,

249 3473 315 3512 cum
339 3457 457 3512 dilectus
471 3458 560 3512 frater
574 3460 673 3512 noster
688 3457 823 3514 Vulladus
837 3458 914 3530 apud
927 3461 1031 3516 Trecas
1044 3475 1110 3514 eam
1119 3459 1204 3515 nobis
1218 3461 1314 3515 osten·

250 3547 307 3616 dit;
324 3563 388 3619 quae
402 3550 500 3604 utrum
514 3563 533 3602 a
545 3546 692 3618 Gregorio,
715 3546 760 3602 cui
780 3548 912 3604 suecessit
926 3548 1053 3620 Sergius,
1068 3548 1137 3604 data
1157 3547 1246 3604 fuerit
1259 3565 1310 3603 an-

250 3652 318 3704 non,
334 3652 367 3690 ex
381 3635 487 3690 scrinio
503 3639 608 3692 sanctae
623 3636 698 3691 sedis
712 3637 859 3708 Romanae,
879 3642 911 3693 ut
923 3637 1075 3707 credimus,
1089 3636 1157 3694 sciri
1170 3637 1307 3695 valebit5.

281 3839 303 3894 l.
321 3837 371 3889 Hoc
384 3835 524 3903 prudentius
539 3852 610 3903 quam
626 3839 744 3890 sincerius
760 3840 853 3890 dictum
865 3855 917 3891 esse
930 3840 1044 3905 suspicor.

212 3905 220 3922 ²
280 3923 305 3972 2.
321 3921 464 3987 Nupenlme
477 3918 571 3984 habita,
585 3920 610 3971 id
629 3926 674 3986 est,
686 3920 744 3972 Vlll
759 3920 807 3972 hal.
821 3923 883 3974 Nou.
902 3937 924 3974 a.
939 3923 992 3973 861.
1009 3923 1039 3972 V.
1056 3920 1181 3972 llinemeri
1194 3920 1307 3973 Amnes

250 4001 340 4067 (Perta,
352 4005 372 4064 l,
385 4003 451 4068 115).

280 4084 304 4133 3.
323 4081 349 4134 ld
360 4089 407 4147 eal,
422 4083 495 4135 Liber
510 4081 660 4149 pontificalis,
673 4082 698 4132 iu
711 4081 768 4134 Vita
778 4081 862 4147 Sergii
875 4083 901 4134 11
915 4081 1032 4149 (Vignoli,
1046 4088 1064 4134 t.
1078 4083 1121 4146 lll,
1136 4097 1162 4148 p.
1175 4083 1269 4148 17-181.

280 4164 304 4212 l.
322 4163 352 4212 V.
367 4164 457 4226 bligne,
473 4170 492 4214 t.
508 4165 594 4227 CXIX,
608 4178 647 4228 ep.
662 4165 716 4228 llll,
730 4178 756 4228 p.
771 4165 829 4214 1101
843 4165 874 4214 Α.

280 4243 304 4292 5.
321 4244 387 4292 llano
413 4243 540 4308 epistolam
561 4244 591 4294 ab
610 4243 699 4294 libonis
719 4243 850 4294 fautoribus
880 4242 988 4306 Gregorii
1009 4243 1044 4295 lV
1064 4243 1160 4294 nomine
1182 4244 1306 4295 confictam

251 4320 395 4372 recentiores
408 4322 485 4373 critici
499 4325 554 4388 jure
567 4322 702 4388 opinantur.
717 4323 749 4374 V.
763 4321 835 4386 aare,
850 4337 876 4373 n.
890 4324 960 4373 2583.
