3006 5050
169 499 178 536 p
231 457 261 527 86
328 476 375 526 DE
395 474 559 526 Nicotto
581 475 675 524 ΡᾹΡΑ
698 473 707 522 l
731 471 898 532 EJUSQUE
919 469 1199 522 FdllllLlARlliUS

274 617 371 686 Redit
381 617 513 685 tandem
527 615 745 702 Rhadoaldus,
762 625 795 683 et
809 613 967 683 rebellans
982 614 1124 703 apertius
1138 615 1294 701 interque

230 756 396 803 armorum
417 734 588 820 strepitum
611 744 642 801 et
665 744 835 801 terrorem.
863 731 1024 821 Namque,
1051 733 1186 801 ineunte
1214 753 1293 802 vere

231 851 309 918 anni
328 851 404 934 86l,
428 847 636 916 Hludowious
660 849 849 934 imperator,
874 847 1063 931 comitante,
1088 857 1124 914 ut
1148 847 1290 931 solebat,

229 964 400 1032 ambitiosa
423 963 493 1051 ejus
517 962 669 1050 conjuge,
691 963 854 1030 civitatem
875 961 1058 1029 Leoninam
1082 982 1159 1030 oum
1183 963 1295 1048 gladio

229 1080 395 1165 ingressus
410 1087 496 1166 erat3
511 1078 545 1144 id
559 1078 648 1145 enim
662 1077 810 1144 obtinere
824 1097 1029 1164 quacumque
1047 1087 1116 1145 arte
1135 1086 1296 1144 statuerat

229 1201 266 1262 ut
279 1192 419 1282 episcopi
433 1213 545 1261 recens
557 1191 662 1279 ejecti,
679 1190 881 1260 Guutharius
896 1193 1036 1260 maxime
1052 1202 1084 1260 et
1101 1192 1295 1277 lbeotgau-

229 1309 303 1396 dus,
325 1307 360 1375 in
381 1328 456 1375 suos
481 1309 619 1375 honores
638 1327 655 1374 a
677 1328 807 1375 summo
830 1308 981 1394 pontifice
1004 1307 1255 1375 restituerentur
1268 1307 1293 1374 ¹.

229 1422 316 1509 Ergo
329 1431 399 1490 tum
415 1420 545 1489 misceri
568 1423 678 1489 omnia
697 1442 818 1508 magno
841 1423 1003 1508 tumultu;
1020 1420 1201 1488 sacerdotes
1217 1441 1295 1488 ver-

227 1537 349 1624 berari,
374 1536 514 1624 stuprari
535 1557 633 1604 sacrae
655 1537 810 1622 virgines,
833 1536 1042 1618 monasterie,
1068 1537 1203 1624 templa,
1227 1556 1294 1604 arce

228 1655 341 1723 violari
352 1659 375 1724 ².
405 1656 485 1736 Quae
505 1655 583 1721 dom
610 1653 840 1723 miserabiliter
863 1667 1050 1743 agerentur,
1079 1662 1233 1742 repente,
1257 1654 1295 1721 in

229 1770 351 1838 aedibus
367 1768 401 1838 S.
415 1768 517 1855 Petri,
533 1779 608 1837 ante
627 1779 836 1858 conspectum
855 1768 977 1838 summi
996 1769 1159 1856 pontificis
1174 1770 1296 1837 obtulit

229 1904 299 1952 sese
316 1883 536 1972 Rhadoaldus,
562 1905 628 1952 uon
645 1885 852 1952 clementiam
866 1884 999 1972 quidem
1014 1883 1209 1972 efflagitans,
1235 1884 1294 1952 sed

228 1999 322 2086 quasi
335 2020 434 2068 suum
447 2008 595 2086 repetens
609 2019 665 2067 ore
678 1980 853 2067 durissimo
864 1997 888 2066 ³.

272 2114 358 2195 Quid
379 2124 451 2182 tum
472 2133 546 2181 vero
567 2113 744 2182 Nicolaus?
765 2114 912 2181 Tertium
937 2134 1064 2181 moram
1086 2112 1237 2182 vindicte
1262 2124 1296 2182 et

228 2229 502 2318 impedimentum
529 2227 615 2295 facit.
644 2227 793 2314 Namque
821 2239 928 2315 antee,
955 2249 1031 2295 oum
1065 2227 1106 2296 de
1139 2228 1295 2297 Zacharia

228 2341 407 2426 Anagnino
421 2339 577 2427 antistite,
597 2351 653 2408 aut
670 2342 711 2409 de
730 2338 912 2409 Guuthario
924 2341 1203 2429 Theutgeudoque
1218 2362 1296 2427 ege-

230 2465 333 2540 retur,
349 2473 463 2522 eorum
476 2475 585 2541 causa,
601 2476 643 2523 ue
654 2456 825 2524 interesset
838 2456 961 2544 dilatio,
976 2478 1085 2525 coram
1099 2458 1294 2544 presulibus

229 2570 370 2639 ecclesie
393 2569 549 2639 Romanae
574 2582 631 2639 aut
657 2573 879 2661 proximarum
903 2574 1024 2660 aliquot
1051 2573 1293 2659 provinciarum

229 2685 404 2776 disceptata
419 2695 548 2755 tantum
560 2685 704 2776 luerat⁴3
729 2698 761 2757 at
785 2688 824 2756 de
844 2687 1031 2756 Rhadoaldo
1043 2681 1218 2757 Portuensi
1233 2687 1293 2756 Ni-

230 2895 307 2940 ratum
320 2904 375 2940 eum
389 2889 501 2940 duximus
514 2890 648 2940 convocari.
670 2891 717 2942 Sed
732 2890 774 2940 ille
793 2889 900 2940 diversas
914 2888 1017 2939 latebras
1033 2889 1189 2955 penetrando,
1210 2895 1297 2954 utpote

230 2969 292 3018 lilius
310 2970 386 3019 noctis
399 2976 424 3020 et
435 2970 599 3034 tenebrarum,
619 2971 662 3034 qui
678 2985 750 3034 opera
767 2970 827 3019 lueis
839 2976 864 3020 et
881 2970 928 3019 diei
939 2985 1034 3034 semper
1047 2970 1176 3032 refugiens,
1196 2985 1296 3019 eausam

230 3063 299 3097 suam
308 3048 338 3098 ad
347 3049 562 3099 manifestationem
573 3050 676 3113 justitie
689 3049 746 3098 solis
759 3050 843 3098 deduci
859 3049 980 3112 formidat,
992 3064 1116 3114 quousque
1129 3049 1212 3112 saluit,
1225 3049 1296 3100 nobis

230 3126 326 3177 obedire
345 3126 461 3192 desperit.
483 3146 496 3175 a
518 3129 610 3179 Nicolai
636 3129 719 3194 Epist.
743 3128 778 3178 od
803 3129 900 3178 Orabat.
921 3129 1082 3194 patriarchas
1100 3128 1195 3194 (coleti,
1214 3133 1234 3177 t.
1251 3131 1294 3189 ΙΧ,

231 3221 257 3270 p.
273 3207 352 3270 1312).

263 3290 287 3336 l.
304 3287 336 3336 V.
348 3287 470 3336 Hinemari
488 3289 608 3352 Annales,
622 3305 643 3338 a.
658 3291 702 3339 ddi
718 3288 841 3352 (Peru,1,
858 3287 952 3351 tte-3).

261 3368 286 3416 2.
303 3367 334 3418 V.
351 3367 472 3417 lliucmari
482 3368 594 3419 Annales
604 3369 684 3434 (ibid,
698 3384 722 3434 p.
732 3368 826 3432 4634).
839 3368 879 3418 cf.
894 3370 977 3418 Vitam
985 3367 1093 3428 Nicolor',
1108 3383 1130 3418 e.
1145 3367 1296 3433 tll'ignoli,

231 3452 250 3496 t.
268 3447 311 3510 lll,
325 3462 349 3512 p.
364 3449 488 3511 ree-200).

263 3530 286 3575 3.
308 3543 321 3574 u
333 3527 363 3577 Et
389 3541 443 3576 eum
468 3542 510 3576 nos
529 3527 591 3577 inter
611 3527 742 3577 furentium
762 3526 952 3577 adversariorum
975 3526 1069 3588 linguas
1086 3533 1111 3576 et
1128 3542 1212 3577 manus
1233 3527 1296 3593 apud

232 3607 327 3656 beatum
343 3609 441 3657 Petrum
451 3607 584 3670 apostolum
598 3607 749 3670 degeremus,
762 3608 813 3671 ipae
827 3605 998 3670 (Rhadoaldus)
1013 3607 1146 3672 insperatus
1162 3623 1235 3671 super
1253 3623 1296 3657 uos

232 3686 316 3749 hostis,
333 3688 397 3736 iuter
414 3687 493 3736 hostes
513 3687 636 3752 irrupit.»
660 3687 752 3736 Nicolui
766 3688 847 3752 Epist.
869 3686 907 3736 od
920 3686 1014 3737 orient.
1025 3687 1186 3752 patriarchas
1197 3687 1295 3753 (Coleti,

232 3767 301 3832 ibid,
316 3785 340 3834 p.
358 3767 437 3831 1312).

263 3851 287 3897 l.
304 3849 466 3898 Guutharium
488 3845 586 3912 quidem
610 3851 635 3894 et
653 3845 839 3907 'l'lreutgaudum
858 3861 938 3897 eoram
963 3846 1080 3911 episcopis
1101 3847 1215 3896 Romanu
1238 3852 1294 3897 tau·

232 3931 284 3976 tum
303 3929 409 3979 ecelesia
428 3943 480 3977 esse
499 3926 680 3988 condemnatos,
703 3924 813 3975 Nicolaus
832 3927 870 3976 his
887 3927 965 3976 verbis
981 3926 1102 3976 consessus
1117 3933 1172 3978 est:
1190 3941 1293 3978 «eoram

233 4007 397 4071 episcoporum
424 4014 558 4057 nostrorum
585 4012 655 4068 ooetu,
683 4005 723 4070 qui
748 4005 872 4056 nobiseum
898 4006 1005 4072 aderant,
1038 4013 1110 4071 atque
1132 4022 1212 4057 eoram
1235 4007 1293 4070 ipsis

146 4087 149 4094 '
233 4086 389 4146 'l'heutgaudo
399 4087 489 4138 scilieet
503 4095 526 4138 et
540 4087 702 4137 Guuthario...
715 4085 868 4150 depositionis
882 4089 1026 4137 senteutiam
1040 4087 1182 4138 dedimus.»
1199 4087 1292 4138 Nicolai

234 4165 318 4229 Epist.
333 4167 369 4215 od
381 4169 456 4231 episc.
468 4169 495 4218 in
505 4183 584 4231 repno
598 4166 737 4217 illudowici
749 4168 849 4218 ceratii.
858 4167 1080 4231 (atiquatenus,
1094 4182 1117 4231 p.
1132 4167 1211 4230 ltili).
1222 4166 1292 4226 Quod

234 4245 307 4294 eriam
320 4245 363 4310 ipsi
378 4247 556 4312 archiepiscopi,
567 4255 682 4312 tanquam
690 4252 773 4296 contra
782 4261 885 4296 canones
894 4252 1023 4312 patratum,
1034 4245 1130 4297 Nicolao
1139 4245 1292 4296 acerbissime

233 4325 406 4390 exprobrarunt
420 4325 453 4389 (r.
468 4327 587 4390 Copr'tulo
606 4328 764 4393 Tlrcutqoadr'
783 4331 807 4376 et
834 4327 979 4388 (leutharii,
999 4343 1037 4392 ap.
1059 4327 1136 4389 Pertz,
1156 4327 1214 4386 SS.,
1230 4331 1250 4374 t.
1271 4328 1291 4388 l,
