3006 5050
250 499 280 550 ar
342 498 390 549 uu
410 498 578 550 ursonio
599 499 696 549 rere
716 499 726 548 t
748 499 918 559 sausoure
938 485 1215 551 contuleramus

249 662 326 710 man
349 663 415 709 non
441 641 503 708 sibi
529 639 627 709 luisse
654 640 881 728 manifestum,
908 641 982 730 sed,
1007 663 1082 710 cum
1107 641 1247 710 Romam
1267 662 1313 710 ex

248 755 391 824 Orientis
410 756 556 842 partibus
575 754 660 823 fama
681 758 821 825 venisset
839 777 952 826 eorum
968 756 1172 844 proditionis,
1187 767 1259 826 tum
1276 777 1312 824 sc

248 891 317 939 esse
331 880 495 938 mutatum
510 873 670 939 sententia
685 881 782 959 atque
793 873 829 938 in
843 872 1022 960 proditores
1033 872 1143 940 saevire
1159 873 1307 959 coepisse.

247 985 410 1072 Namque,
436 994 473 1053 ut
493 985 564 1073 jam
588 986 828 1075 probavimus¹,
858 997 933 1054 ante
956 986 1183 1056 Rhadnaldum
1203 988 1311 1057 Roma

247 1121 429 1188 egressum,
441 1100 523 1168 nihil
537 1101 705 1170 Nicolaum
718 1111 901 1189 pupugerat
913 1101 1035 1170 Leonis
1047 1123 1064 1169 a
1075 1103 1206 1170 secretis
1220 1103 1311 1170 testi·

247 1215 408 1303 monium,
433 1216 515 1283 nihil
539 1214 657 1303 Ignatii
680 1216 720 1284 ad
744 1218 857 1285 sedem
881 1217 1088 1304 apostolicam
1112 1219 1308 1304 provocatio,

247 1331 328 1398 nihil
348 1331 544 1415 'lbeognosti
558 1332 695 1400 oratoris
716 1333 829 1400 crebra
843 1332 1046 1401 concursatio
1062 1342 1094 1400 et
1107 1331 1306 1402 contentio².

201 1461 207 1478 ·
246 1446 404 1528 Quocirca
426 1444 525 1533 hujus
550 1445 730 1514 immutatae
752 1448 923 1515 voluntatis
943 1467 980 1516 ea
1001 1468 1098 1516 causa
1121 1458 1170 1515 est
1187 1448 1307 1535 verior,

245 1560 404 1628 nimirum
431 1559 618 1649 episcopum
648 1561 882 1650 Portuensem‚
910 1571 947 1630 ut
974 1571 1044 1631 erat
1068 1583 1196 1650 magna
1221 1563 1308 1650 apud

245 1677 413 1746 Nicolaum
426 1678 637 1766 auctoritatis,
648 1699 781 1748 omnem
793 1679 860 1748 vim
874 1679 1060 1764 accusandi,
1072 1679 1153 1747 dum
1164 1700 1308 1767 praesens

245 1793 392 1864 adstabat
414 1794 483 1862 sadi
506 1795 699 1882 apostolicae,
722 1793 874 1882 frangere
893 1794 1043 1880 valuisse,
1069 1805 1113 1881 ct,
1135 1805 1307 1881 postquam

245 1909 378 1978 abiisset
390 1912 514 1998 procul,
525 1909 631 1978 ruisse
642 1909 903 1997 indignationem
914 1907 1306 1998 Romanorumliberius;

243 2045 307 2113 qua
328 2034 510 2094 commotus
530 2023 672 2112 pontifex
687 2044 817 2092 necesse
846 2023 1005 2092 habuerat
1025 2043 1095 2091 rem
1116 2023 1308 2110 diligentius

243 2139 421 2228 inquirere,
449 2160 486 2207 ac
513 2140 661 2226 demum,
685 2159 782 2207 causa
812 2136 940 2224 audita,
975 2136 1164 2224 opinionem
1191 2137 1308 2207 falsam

243 2254 384 2342 abjicere
398 2275 435 2323 ac
449 2253 629 2322 Rbedcaldi
644 2254 810 2322 fiduciam.

287 2368 482 2455 Quanquam
500 2388 541 2436 na
562 2368 861 2456 posthaecquidem
884 2368 1036 2438 Nicolaus
1059 2367 1094 2436 in
1117 2369 1307 2457 episcopum

236 2482 460 2568 'Portueusem
482 2481 562 2551 adeo
582 2483 729 2552 celeriter
749 2484 931 2571 consututt3
948 2503 1111 2572 quemque
1130 2492 1255 2552 constat
1269 2484 1306 2551 iu

243 2595 409 2685 puniendo
433 2590 538 2685 nequ'e
563 2598 692 2666 mollem
711 2619 771 2667 nec
794 2598 924 2667 tardum
946 2599 1059 2687 luisse,-
1079 2598 1166 2666 idem
1187 2619 1307 2688 papea

238 2711 416 2801 judicando
431 2712 618 2782 Rhadnaldo
636 2735 750 2782 rursus
764 2715 837 2802 plus
854 2735 979 2782 annum
996 2713 1168 2801 abstinuit,
1184 2715 1306 2782 severi·

242 2837 406 2917 tatemquc
438 2828 555 2897 laetam
588 2829 736 2918 quodam·
760 2828 857 2897 modo
893 2829 1110 2897 necessariam
1144 2828 1306 2914 mitigavit

241 2943 396 3014 omnibus
423 2945 640 3015 condimentis
665 2943 888 3032 indulgentia.
915 2943 1049 3013 Etenim
1074 2944 1304 3023 Rhadcaldus,

240 3058 380 3127 Romam
403 3080 441 3128 ex
463 3060 602 3129 Francia
625 3079 809 3146 regressus,
835 3069 911 3128 ante
933 3060 1076 3128 hiemem
1101 3060 1180 3127 anni
1201 3062 1265 3128 863
1278 3059 1304 3148 ³,

240 3194 278 3242 ea
297 3194 370 3261 quae
383 3173 492 3244 Mettis
513 3175 704 3265 nuperrime
719 3183 842 3262 egerat,
861 3174 1067 3243 dissimulare
1081 3174 1214 3263 quidem
1236 3197 1306 3244 nnn

239 3288 364 3378 potuit;
391 3287 447 3356 sed
468 3298 540 3357 tum
558 3290 698 3362 Romam
717 3289 926 3358 arcessircrat
949 3288 1030 3357 duos
1048 3289 1305 3378 archiepiscopos

240 3401 443 3489 Germaniae,
475 3403 729 3492 Tbeutgaudum
762 3403 989 3472 Treviransem
1017 3413 1049 3472 et
1077 3403 1303 3473 Guntharium

240 3518 483 3604 Coloniensem,
503 3539 637 3607 sperans
663 3541 697 3589 se
723 3539 800 3588 cum
817 3518 858 3587 iis
878 3518 1089 3606 amplissimis
1110 3520 1306 3607 presulibus

237 3634 347 3724 ipsum
370 3654 537 3703 summum
561 3634 749 3723 pontificem
770 3633 937 3704 hlothario
963 3632 1109 3704 adultero
1129 3635 1304 3704 conciliare

267 3799 296 3927 2¹..
308 3794 506 3936 &edificetur
524 3871 720 3939 appellationem,
731 3887 804 3939 quem
814 3871 912 3924 Nicolac
926 3870 1054 3935 obtulerat,
1069 3871 1236 3932 'l'hecgcoslus
1249 3885 1303 3921 mo-

237 3955 337 4019 nachus,
352 3962 380 4005 ut
392 3955 497 4020 primum
511 3953 736 4017 hominicolae,
758 3953 781 4002 iu
795 3952 933 4003 lacessendo
947 3951 977 4002 de
991 3951 1037 4001 beo
1051 3966 1077 4002 re
1088 3965 1181 4000 summo
1192 3951 1306 4016 pontifice

235 4040 261 4082 et
278 4035 401 4086 creberet
427 4036 527 4086 acerbus
549 4034 605 4084 luit.
619 4033 677 4083 llec
689 4032 754 4082 enim
774 4032 803 4082 de
821 4031 862 4082 illc
883 4032 1017 4082 Hadrianus
1037 4045 1100 4096 pepe
1125 4031 1148 4081 ll
1163 4050 1170 4082 =
1188 4033 1240 4082 «A
1262 4029 1305 4080 dic

235 4113 351 4163 adrentus
368 4114 404 4164 sui
415 4130 491 4180 usqne
504 4115 535 4166 ad
549 4128 682 4180 presens...
698 4110 809 4163 Ecclesia
822 4112 921 4163 vulnera
933 4117 958 4162 et
975 4111 1060 4161 herum
1075 4109 1195 4160 medelam
1206 4110 1292 4172 exigar

235 4206 281 4241 non
306 4191 436 4244 destitit.»
458 4196 572 4247 lladrieci
588 4197 609 4246 ll
624 4193 741 4260 Epistola
757 4193 794 4242 ad
814 4193 937 4243 Racilium
965 4194 1055 4256 imper.
1080 4191 1183 4255 (bligue,
1206 4191 1238 4242 P.
1261 4190 1292 4240 t.

235 4278 253 4320 t.
268 4272 366 4333 cxxu,
382 4287 407 4337 p.
422 4277 503 4340 teto).
515 4277 554 4327 cl.
572 4277 683 4340 tepotre,
701 4273 735 4323 Le
749 4286 814 4338 pape
828 4272 954 4334 Fet-mose,
971 4286 995 4336 p.
1009 4273 1063 4322 tte.

266 4353 290 4402 ³.
308 4353 339 4404 V.
351 4352 475 4405 lllncmeri
491 4354 609 4413 denaba.
624 4370 648 4406 a.
662 4355 707 4406 863
719 4355 808 4417 (Pone,
823 4351 881 4417 SS.,
893 4358 912 4402 t.
926 4353 946 4416 l,
961 4368 985 4418 p.
996 4353 1063 4417 tet).
