2984 5062
260 497 307 546 aro
479 493 696 558 russanen,
723 494 921 546 nanniano
948 494 1044 545 rara
1066 495 1109 557 u,

262 639 362 708 filiam
382 638 530 708 suamab
549 638 736 708 Eleutherio
755 648 913 727 repetere,
930 637 1157 726 injustumque
1172 635 1328 704 dirimere

262 753 527 843 matrimonium,
545 754 686 824 instabat
701 754 843 822 maxime
864 753 950 843 apud
975 752 1204 822 Hludowicum
1220 753 1328 839 impe-

263 880 417 959 ratorem,
439 891 558 960 rogans
580 880 629 959 ut,
654 871 770 939 usitato
793 891 897 956 more,
921 869 1018 957 legati
1043 869 1260 957 imperatoris,
1285 866 1327 936 ad

262 1007 332 1056 rem
356 1007 393 1056 ex
415 989 486 1074 lege
500 987 648 1056 Romana
667 985 892 1075 judicandam,
908 986 1130 1055 mitterentur.
1143 985 1238 1067 Quod
1254 995 1328 1052 tan·

262 1102 338 1171 dem
357 1102 513 1191 obtinuit,
529 1103 586 1173 sed
601 1092 749 1170 nontam
763 1103 875 1171 solatio
886 1122 985 1190 qoam
998 1101 1117 1190 majori
1131 1103 1231 1170 etiam
1242 1103 1328 1171 cala·

219 1245 220 1248 ¹
263 1217 404 1288 mitent
1297 1197 1302 1204 ¹

306 1334 390 1404 Nam
404 1344 442 1404 ut
459 1334 539 1404 vidit
552 1355 625 1423 spes
647 1355 721 1403 suas
740 1333 924 1423 desperatas
946 1344 1142 1422 captumque
1164 1333 1229 1403 sibi
1250 1353 1322 1401 mor

262 1449 703 1540 ereptumiri,Eleutberius,
716 1449 1037 1537 loedissimumatque
1047 1449 1326 1518 immanissimum

263 1577 461 1656 monstrum,
477 1587 519 1636 ue
532 1568 646 1636 saltem
666 1565 747 1634 alius
768 1564 949 1655 possideret
960 1565 993 1632 id
1008 1565 1095 1652 quod
1110 1567 1178 1653 ipse
1192 1565 1325 1633 amitte-

263 1682 331 1772 bat,
344 1683 444 1752 filiam
454 1683 575 1752 summi
588 1681 748 1770 pontilicis
760 1681 966 1770 exstinguere
981 1683 1113 1749 molitus
1128 1691 1188 1750 est.
1201 1682 1322 1768 Atque,

262 1809 301 1868 ut
320 1799 525 1868 Hadrianum
546 1799 757 1868 ulcisceretur
779 1799 931 1886 atrocius,
955 1798 1118 1884 simulque
1137 1807 1169 1866 et
1187 1797 1271 1885 patri
1294 1807 1327 1865 et

263 1914 396 2006 oorrjugi
417 1915 632 1985 insanabilem
656 1916 784 2004 plagam
807 1914 955 2002 inferret,
978 1913 1204 2002 Stephaniam,
1219 1913 1327 2002 ponti·

263 2032 332 2100 ficis
345 2053 492 2116 uxorem,
510 2032 550 2100 ad
566 2032 638 2100 filiae
655 2031 825 2100 interitum
841 2051 1034 2118 aggregans,
1051 2031 1119 2118 ipse
1134 2028 1248 2098 ambas
1261 2047 1327 2096 una

264 2148 417 2218 mulieres
434 2149 690 2218 sceleratissimis
705 2148 858 2214 manibus
867 2145 1031 2235 jugulavit
1039 2147 1064 2214 2.

309 2264 467 2351 Magnum
483 2285 573 2352 sane,
590 2264 695 2333 sedin
710 2267 769 2331 hac
784 2263 1111 2332 nobilitateRomana
1130 2273 1227 2351 atque
1243 2271 1329 2331 tem·

263 2377 397 2467 poribus
420 2378 483 2446 illis
504 2399 571 2446 non
590 2378 692 2446 semel·
714 2377 863 2446 auditum
883 2376 984 2446 nefas.
1000 2378 1094 2457 Quod
1107 2399 1213 2466 genus
1228 2378 1329 2446 etiam

262 2493 428 2579 facinoris,
440 2495 635 2584 imperatore
650 2494 854 2580 connivente,
867 2493 1040 2581 aliquando
1052 2492 1327 2581 inultumabibat‚

265 2619 302 2680 ut
316 2610 422 2699 neptis
435 2611 490 2678 illa
502 2608 668 2678 Benedicti
683 2607 743 2697 111,
755 2630 855 2698 quam
871 2607 1030 2696 Georgius
1043 2610 1181 2678 moritus
1191 2609 1329 2697 impune

266 2726 391 2796 necavit
402 2724 426 2794 ³.
447 2727 679 2795 Verumtamen
701 2725 923 2811 EleutheriuS,
938 2726 991 2793 cui
1005 2727 1149 2813 parentis
1169 2727 1330 2794 auxilium

261 2843 332 2934 jam
351 2864 419 2911 uon
440 2841 678 2931 suppeditabat,
694 2844 778 2910 banc
798 2840 1027 2928 impunitatem
1042 2862 1108 2909 non
1127 2842 1234 2930 potuit
1252 2862 1332 2911 cou-

267 2959 372 3050 sequi,
389 2958 446 3028 sed
461 2958 502 3026 ab
514 2958 719 3046 imperatoris
737 2957 851 3044 legatis
866 2959 1120 3045 comprehensus
1138 2957 1331 3028 damnatus·

267 3096 331 3164 que
345 3074 452 3166 justas
466 3095 577 3163 poenas
592 3073 721 3144 sceleris
735 3081 839 3142 morte
855 3071 1038 3161 dependit⁴.

312 3189 437 3257 Interea
451 3209 525 3258 vero
541 3189 745 3277 Anastasius,
759 3189 907 3276 quamvis
929 3185 1154 3257 interfectoris.
1165 3187 1277 3276 irater,
1293 3187 1331 3258 in

264 3323 405 3373 munere
417 3303 653 3373 bibliothecarii
673 3313 770 3392 atque
792 3303 827 3371 in
848 3304 919 3391 ipso
940 3323 1030 3393 papa
1050 3303 1199 3373 convictu
1221 3303 1333 3393 impa-

300 3562 324 3615 Ι.
342 3578 356 3612 «
368 3561 420 3622 Quo
435 3565 528 3612 mortuo
544 3559 674 3626 (arsenio),
689 3559 806 3612 Adrianus
821 3575 884 3626 papa
902 3557 965 3625 apud
983 3560 1150 3626 imperatorem
1165 3557 1252 3611 missos
1265 3559 1332 3610 obti-

268 3645 329 3707 nuit,
345 3645 384 3710 qui
399 3642 523 3709 prelatum
537 3641 701 3693 Eleutherium
715 3641 848 3692 secundum
861 3641 927 3703 leges
940 3643 1060 3692 Romanas
1069 3639 1239 3704 iudicarent.»
1253 3641 1332 3692 Hinc·

268 3725 327 3776 mari
339 3722 452 3776 Annales
465 3724 554 3788 (Perta,
567 3724 587 3787 l,
603 3723 664 3788 llll.

299 3809 323 3858 2.
342 3803 531 3870 «Stephanium,
550 3816 646 3853 uxorem
663 3801 737 3867 ipsius
750 3802 876 3868 pontilicis,
893 3811 918 3854 et
934 3803 986 3867 ejus
1002 3801 1076 3852 fllium
1090 3816 1163 3866 quam
1178 3800 1224 3852 sibi
1242 3801 1334 3868 rapuit,

269 3885 394 3936 interiecit.
409 3904 422 3933 a
437 3883 560 3936 llincmari
572 3883 681 3935 Annales
700 3882 789 3948 (ibid).

300 3969 324 4019 8.
343 3984 394 4017 a...
416 3981 476 4031 pene
499 3964 594 4031 publice
614 3966 666 4030 jam
684 3963 773 4012 dicum
790 3963 925 4025 legitimam
948 3978 1044 4014 uxorem
1073 3965 1184 4027 peremit.
1204 3966 1242 4016 De
1263 3964 1335 4028 cujus

268 4045 406 4111 homicidio,
419 4053 444 4096 et
456 4045 603 4112 principibus
614 4044 760 4096 adulterinos
769 4043 854 4094 missos
867 4059 962 4110 eruens,
972 4044 1124 4110 adjudicante
1135 4046 1229 4096 conscio
1241 4058 1334 4108 aecem,

270 4126 387 4177 uelandus
406 4141 479 4188 [tener
499 4125 631 4191 impunitus
657 4123 769 4176 exiliit.»
792 4125 907 4176 lobannis
926 4125 987 4179 Vlll
1002 4126 1086 4192 Epist.
1106 4127 1143 4178 ad
1155 4126 1227 4178 unio.
1243 4124 1337 4178 Gallos

271 4205 374 4269 (Misus,
389 4212 409 4256 t.
424 4208 532 4271 cxxvi,
548 4222 573 4272 p.
588 4206 652 4272 eta).

301 4287 325 4335 l.
346 4285 516 4337 «Eleutherias
526 4285 783 4353 amissieimperatoris
795 4285 964 4337 cociomtat.»
980 4288 1104 4338 lliucmari
1114 4286 1228 4340 Annales
1241 4284 1338 4352 (ibid).

269 4363 330 4418 Hac
340 4369 425 4429 ,auom
440 4365 518 4418 medio
531 4379 554 4416 a.
565 4367 620 4416 868.
1064 4389 1066 4392 ·
