2954 5050
287 464 332 512 lid
376 459 578 513 ndtsrsstt
600 460 791 511 luditum!
812 460 860 510 EX
879 457 1079 510 urtsroms
1099 457 1256 509 utnon-tt
1283 457 1295 506 1

285 613 355 672 tam
378 605 507 692 callido,
531 613 630 691 atque
652 602 858 670 bibbotbecae
884 600 1041 670 Romana
1063 599 1298 688 scientissimo,
1326 599 1360 666 id

286 741 404 808 parum
418 719 486 786 veri
499 719 606 786 simile
624 717 765 786 videtur.
785 717 859 784 Non
875 718 966 784 enim
985 717 1020 784 in
1043 718 1104 785 boc
1122 726 1172 784 est
1184 715 1360 784 Anastasii

285 835 481 923 improbitas
494 834 583 921 quod
593 837 668 903 ficta
683 844 898 902 monumenta
912 835 1028 921 etipse
1041 834 1163 922 recepit
1176 843 1207 902 et
1221 843 1359 922 recepta

285 951 327 1018 ab
342 951 414 1018 aliis
429 951 545 1037 soluit,
559 949 618 1018 scd
632 949 721 1037 quod
734 950 889 1035 maxime,
904 949 945 1016 ad
965 948 998 1015 id
1017 947 1247 1035 obtinendum,
1262 947 1359 1014 indi·
1463 985 1464 996 κ

283 1065 360 1151 gnis
373 1065 502 1132 artibus
515 1086 596 1132 usus
616 1074 678 1132 est.
695 1063 812 1152 Neque
834 1063 915 1132 illud
928 1063 1062 1151 qudem
1077 1062 1163 1151 apud
1177 1062 1359 1132 catholicos

283 1180 429 1249 excusari
443 1189 561 1266 potest,
574 1177 662 1266 quod
676 1178 705 1245 is
716 1178 899 1266 epistolaris
913 1177 1049 1265 Nicolai,
1065 1178 1111 1246 sic
1124 1177 1357 1246 auctoritatem

283 1316 489 1364 summorum
515 1293 708 1380 pontificum
728 1293 967 1380 confirmando,
990 1292 1144 1361 Ecclesiae
1165 1290 1358 1361 christiana

283 1429 439 1497 magnam
448 1408 649 1497 praestitisset
660 1409 846 1477 utilitatem.
861 1407 1079 1489 Quantumvis
1093 1409 1183 1476 enim
1198 1408 1241 1477 sit
1252 1428 1356 1475 causa

282 1526 390 1612 aliqua
410 1533 443 1592 et
455 1524 545 1611 justa
560 1523 709 1610 mutilis,
727 1523 897 1592 mendacio
911 1543 984 1592 eam
999 1523 1084 1592 tueri
1100 1521 1190 1592 neias
1206 1532 1256 1591 est
1275 1543 1353 1590 ma·

281 1641 406 1728 guique
419 1635 568 1727 periculi,
579 1649 638 1706 aut
647 1639 675 1706 si
687 1639 768 1726 quid
782 1638 914 1727 prodest
927 1639 969 1706 ad
980 1649 1110 1726 tempus
1127 1637 1349 1724 mendacium,

282 1753 396 1823 fraude
411 1753 531 1824 deinde
550 1753 675 1822 detecta
698 1754 795 1842 (quid
806 1755 897 1822 enim
911 1753 1127 1821 diuturnitate
1141 1773 1209 1822 non
1223 1752 1353 1840 detegi·

283 1868 389 1958 turi),
404 1879 522 1938 cuncta
535 1879 637 1938 ruunt
650 1869 685 1936 in
699 1878 826 1957 partem
840 1869 986 1958 pejorem
998 1868 1134 1957 ipsaque
1147 1889 1247 1937 cause
1258 1868 1353 1937 labe-

283 1985 433 2054 iactatur.

328 2100 382 2169 Sic
403 2100 505 2190 igitur
523 2099 718 2168 Anastasius
737 2121 796 2187 pro
816 2108 974 2186 potestate
995 2120 1203 2168 summorum
1219 2098 1355 2188 pontifi-

282 2239 372 2305 cum,
394 2218 431 2284 in
454 2215 553 2284 rebus
578 2214 856 2301 occidentalibus,
879 2215 1049 2304 pugnavit.
1075 2214 1182 2294 Quam
1208 2224 1354 2302 potesta-

283 2341 386 2398 lema
407 2329 597 2398 Grecorum
619 2328 866 2398 incursionibus
885 2329 1015 2398 utinam
1035 2329 1227 2398 melioribus
1246 2330 1352 2398 armis

282 2442 503 2512 defendisset!

326 2558 387 2627 XI.
413 2558 511 2627 Illum
535 2580 615 2629 sane
634 2562 818 2642 bominem,
841 2559 898 2649 qui
922 2581 993 2628 rem
1013 2581 1090 2629 curn
1110 2559 1225 2628 Pbctio
1245 2559 1353 2628 habe-

282 2684 345 2763 ret,
370 2673 543 2763 praeditum
566 2695 637 2744 esse
662 2697 701 2744 ea
726 2676 868 2764 solertia,
893 2695 958 2763 qua
979 2695 1086 2763 graeca
1111 2674 1354 2764 perspiceretur

282 2789 451 2879 calliditas,
474 2790 650 2858 autetiam
671 2790 847 2860 acerbitate
865 2790 1041 2860 verborum
1059 2810 1133 2879 quae
1152 2789 1352 2859 Photianam

282 2906 452 2975 audaciam
471 2906 672 2993 retunderet,
697 2925 757 2974 nec
780 2905 969 2993 dedecebat,
995 2926 1103 2994 neque
1123 2915 1195 2974 erat
1211 2905 1349 2994 inutile;

282 3018 340 3086 sed
353 3040 392 3088 ea
402 3020 464 3088 sub
474 3021 665 3088 condicione
675 3040 717 3089 ne
728 3019 845 3089 iisdem
856 3019 1072 3089 fraudulentis
1082 3021 1209 3090 artibus
1220 3019 1350 3090 Grecos

281 3144 486 3219 oppugnaret
499 3156 581 3220 quas
595 3134 699 3204 Graeci
714 3134 869 3203 adhibere
882 3135 1088 3219 dicebantur,
1105 3156 1214 3224 neque
1228 3137 1263 3204 in
1277 3135 1350 3204 viu·

281 3245 428 3315 dicendis
460 3249 546 3318 scdis
579 3251 759 3338 apostolicae
782 3249 917 3337 juribus
944 3249 1126 3338 quidquam
1151 3253 1266 3319 fictum
1292 3259 1348 3319 aut

282 3363 502 3432 adulteratum
517 3364 687 3453 proferret,
703 3385 740 3434 ex
759 3386 825 3453 quo
841 3365 1068 3434 Romanorum
1086 3365 1172 3434 lama
1186 3378 1221 3434 et
1238 3366 1349 3434 existi·

281 3479 383 3546 matio
404 3480 490 3566 apud
513 3477 695 3548 Orientales
718 3479 804 3547 viros
832 3479 1021 3569 violaretur,
1049 3501 1117 3550 non
1142 3481 1216 3550 sine
1246 3481 1349 3550 detri-

281 3603 393 3663 mento
407 3595 507 3662 totius
521 3595 569 3662 rei
583 3592 722 3682 publicae
738 3593 938 3663 christienae.

323 3709 422 3778 initio
436 3708 535 3799 bujus
546 3708 785 3794 controversie,
801 3708 835 3776 id
848 3718 990 3797 tantum,
1006 3719 1044 3778 ut
1056 3711 1214 3799 diximus,
1229 3709 1349 3799 ageba·

281 3835 434 3894 turnum
453 3825 571 3894 merito
586 3823 749 3911 ignatius,
767 3821 969 3912 Byzantinus
993 3826 1190 3915 patriarcba,
1211 3828 1253 3896 de
1272 3825 1348 3896 sede

281 3991 391 4043 innovata
404 3995 575 4044 constitutione
588 3989 722 4043 decernatis
735 4005 741 4040 :
757 3989 791 4039 ite
804 3996 832 4040 ut
847 4006 892 4041 nec
911 3993 1003 4058 restris,
1026 4009 1071 4044 nec
1083 3993 1171 4044 iuturis
1190 3993 1347 4056 temporibus,

282 4078 367 4134 prater
382 4075 515 4126 consultum
526 4074 627 4126 Romani
639 4070 767 4138 pontilicis,
781 4069 812 4118 de
826 4071 902 4131 gradu
920 4087 963 4123 suo
978 4073 1080 4138 quilibet
1099 4077 1264 4140 episcoporum
1285 4072 1346 4136 deji-

282 4150 367 4216 ciatur,
386 4155 454 4205 sicul
470 4156 616 4206 eorumdem
633 4154 782 4204 sanctorum
800 4153 988 4202 antecessorum
1006 4158 1149 4204 vestrorum
1165 4152 1347 4219 muliplicibus

283 4229 389 4282 decretis
410 4238 434 4283 el
454 4237 593 4286 numerosis
609 4232 754 4300 privilcpiis
772 4229 914 4281 stabilitum
933 4232 1150 4304 modismirificr's
1165 4237 1247 4285 calci.
1262 4251 1275 4280 ι
1289 4232 1346 4282 'lci-

281 4311 367 4361 cassiui
382 4313 474 4362 concilii
487 4316 570 4379 Epist.
581 4315 671 4378 synod.
693 4312 730 4361 cd
742 4308 875 4361 Nicolaum
888 4312 985 4376 (coleti,
998 4319 1017 4364 l.
1032 4315 1064 4378 x,
1080 4329 1103 4380 p.
1119 4315 1214 4379 als-e).
