3006 5050
449 486 451 496 '
517 479 680 533 euentus
702 481 943 534 osrcnnlrttn
1218 490 1263 540 ttt.

199 623 309 694 omnia
323 642 395 710 quae
409 643 466 709 per
481 624 705 711 suggestiones
722 623 932 693 inimicorum
946 647 1081 694 suorum
1094 627 1261 715 amiserat,

197 737 364 807 reddenda
380 736 423 804 ab
438 736 684 805 honorabilium
698 738 861 806 Italorum
882 739 1107 831 cpiscoporum
1125 741 1261 811 concilio

192 853 286 941 jussa
309 852 461 940 fuissent,
489 863 521 922 et
543 854 689 941 legaliter
710 854 801 942 prius
822 855 919 922 statui
941 855 1078 942 pristino
1102 855 1261 944 redditnS,

195 979 277 1037 tuno
292 969 417 1036 veniret
437 967 477 1034 ad
496 989 641 1050 causam,
664 979 695 1037 et
711 970 738 1037 si
756 969 801 1037 ita
819 979 905 1039 recte
918 970 1093 1058 videretur,
1109 992 1262 1040 accusan-

195 1083 283 1152 tium
311 1083 586 1172 propositionibus
611 1085 830 1172 responderet.
859 1084 961 1174 Cujus
988 1086 1036 1154 rei
1067 1087 1263 1156 documento

196 1208 229 1266 et
254 1198 330 1266 aliis
351 1197 519 1266 nonnullis
540 1196 673 1266 decretis
688 1206 720 1267 et
740 1198 894 1288 exemplis
917 1200 1037 1268 imbuti
1060 1201 1204 1290 idipsum
1222 1203 1262 1272 de

195 1313 347 1384 Rothado
362 1314 511 1402 episcopo
528 1335 586 1382 nos
601 1335 730 1402 quoque
744 1313 945 1382 decrevimus
955 1315 977 1384 ¹.
993 1339 1010 1380 a

240 1429 344 1497 Vides
358 1439 396 1496 ut
409 1450 476 1497 una
487 1428 661 1497 auctoritas
671 1426 799 1496 concilii
809 1426 1052 1514 Symmachiani
1065 1430 1260 1500 nominatim

196 1544 431 1633 praetendatur,
453 1553 491 1611 ut
513 1542 592 1612 falsa
608 1544 648 1612 de
669 1543 782 1612 eadem
797 1564 832 1612 re
847 1544 975 1613 decreta
988 1544 1126 1615 obscure
1139 1568 1176 1616 ac
1190 1547 1262 1616 sine

197 1660 332 1728 nomine
347 1658 524 1747 jactentur.
544 1660 624 1739 Quae
638 1679 716 1727 sane
731 1658 910 1727 obscuritas
931 1659 1104 1728 utilitatem
1126 1661 1196 1729 sine
1210 1659 1262 1728 in·

197 1773 368 1842 commodo
380 1773 533 1858 habehat,
545 1794 620 1842 cum
633 1773 690 1860 qui
700 1773 807 1842 istud:
824 1799 840 1840 a
851 1783 883 1842 et
893 1775 963 1843 aliis
976 1775 1263 1858 nonnullisdecre·

197 1890 239 1958 tis
256 1914 272 1954 u
298 1892 455 1977 legerent,
471 1889 587 1957 incerti
604 1900 712 1959 essent
733 1901 844 1958 utrum
863 1891 916 1960 hic
931 1891 1104 1962 decretales
1114 1892 1261 1962 Pseudo·

197 2005 399 2091 Isidorianau
413 2005 456 2074 in
469 2004 584 2092 aliquae
599 2006 668 2074 aliae
682 2005 815 2094 majoris
826 2007 993 2093 gravitatis
1006 2016 1195 2094 agerentur.

241 2120 437 2190 Existimant
455 2121 649 2189 recentiores
659 2121 793 2208 quidam
804 2121 948 2190 historici
960 2121 1073 2189 falsam
1082 2121 1261 2209 quamdam

199 2235 392 2304 decretalem
408 2235 487 2303 lulii
510 2235 545 2303 in
569 2235 692 2304 Nicolai
716 2235 859 2324 epistolis
883 2236 1015 2304 citatam
1034 2234 1134 2305 luisse
1155 2237 1262 2304 nomi·

198 2351 315 2418 natim.
333 2350 375 2418 Hi
395 2359 486 2436 sunt,
510 2360 548 2418 nt
565 2351 643 2418 alios
665 2351 826 2439 omittam,
851 2350 890 2418 Ε.
908 2349 1113 2438 Dilmmler²,
1139 2351 1176 2419 G.
1199 2373 1261 2421 von

197 2463 382 2552 Noorden³‚
400 2467 443 2534 Η.
458 2465 588 2554 Foste⁴‚
610 2466 667 2554 qui
689 2465 822 2554 quidem
844 2489 903 2554 pro
923 2488 982 2536 sus
1000 2467 1154 2555 opinione
1179 2467 1258 2535 illud

197 2581 356 2666 afferunt,
385 2582 471 2669 quod
495 2582 664 2669 Nicotaus,
696 2581 737 2649 ad
765 2580 918 2651 Carolum
947 2581 1082 2650 Calvum
1115 2583 1261 2652 scribens

198 2717 228 2764 a.
247 2697 326 2784 865,
344 2697 390 2765 sio
404 2697 445 2765 de
461 2696 549 2765 lulio
564 2718 645 2784 papa
657 2698 875 2766 Athanasium
896 2696 1032 2785 ejusque
1050 2699 1201 2765 inimicos
1220 2698 1260 2766 ad

192 2811 358 2900 judicium
388 2812 576 2880 Romanum
602 2823 735 2880 vocante
763 2813 888 2881 locutus
909 2821 982 2881 est:
1004 2810 1099 2880 «Sed
1123 2821 1155 2881 et
1178 2832 1261 2900 papa

196 2928 306 2996 lulius
328 2926 549 2996 Orientalibus
572 2927 718 2996 scribens
737 2937 910 3014 utramque
933 2937 1071 3014 partem,
1087 2926 1260 2994 Athanasii

197 3041 320 3110 scilicet
334 3052 367 3110 et
380 3041 638 3112 adversariorum
653 3040 737 3129 ejus,
752 3042 930 3122 accelerare
946 3039 1165 3128 praesentiam,
1181 3059 1262 3127 qua-

196 3165 293 3225 tenns
317 3166 456 3245 utraque
479 3167 569 3243 parte
590 3165 748 3246 praesente
773 3156 941 3224 audiretur
960 3153 1069 3224 reusl.
1084 3179 1101 3220 u
1121 3155 1166 3223 At
1186 3175 1261 3223 vero

197 3274 301 3339 multo
333 3273 416 3340 mihi
437 3271 637 3359 probabilius
665 3271 793 3340 videtur
819 3271 1048 3358 Anastasium,
1075 3280 1112 3338 nt
1134 3272 1169 3338 in
1190 3271 1261 3338 aliis

197 3386 323 3462 Nicolai
344 3387 474 3474 litteris,
496 3387 542 3454 sio
565 3386 663 3454 etiam
681 3387 717 3453 in
737 3386 800 3454 illis
820 3385 915 3454 falsas
934 3386 1066 3474 quidem
1086 3385 1260 3453 decretales

197 3502 417 3587 consuluisse,
440 3501 495 3570 sed
515 3522 606 3570 veras
625 3509 753 3569 tantum
775 3501 934 3588 appellare
955 3501 1097 3571 finxisse.
1116 3499 1208 3581 Quod
1223 3508 1261 3566 ut

198 3617 305 3703 magis
319 3626 439 3704 pateat,
455 3625 532 3684 sunt
549 3615 697 3704 quaedam
711 3625 859 3684 accurate
873 3616 963 3703 prius
982 3615 1191 3684 recensenda.

242 3729 374 3799 Scimus
393 3730 612 3799 enimalulio
630 3751 712 3820 papa
731 3730 747 3797 I
768 3730 848 3799 duas
870 3731 1020 3818 epistolas
1034 3730 1074 3798 de
1088 3729 1259 3796 Athanasii

231 3945 254 3992 l.
272 3941 363 3992 Nicolai
377 3943 460 4007 Epist.
472 3941 509 3993 acl
521 3941 642 3993 Cocalum
654 3941 762 3992 Caluum
774 3941 877 4004 (iligna,
887 3946 905 3992 t.
917 3941 1002 4002 CXIX,
1023 3955 1047 4004 p.
1059 3941 1103 3990 896
1117 3939 1158 4004 A),
1173 3939 1260 4006 scripta

197 4022 297 4072 ineunte
306 4036 330 4073 a.
344 4025 398 4074 866.
412 4023 440 4072 V.
448 4021 518 4085 lade,
529 4037 553 4072 n.
571 4025 640 4074 9789.

229 4104 255 4152 2.
273 4101 360 4157 Gcsclt.
371 4103 398 4152 d.
409 4104 484 4167 aslfr.
495 4101 591 4166 licicbs,
602 4107 622 4152 t.
633 4104 652 4166 1,
663 4117 687 4167 p.
698 4103 753 4166 5³8,
766 4117 790 4151 n.
801 4103 840 4152 69.
889 4103 890 4106 ’

228 4183 253 4232 3.
270 4181 403 4245 hialam,
415 4197 440 4246 p.
456 4184 511 4232 296.

228 4265 253 4312 l.
270 4261 318 4312 Dic
328 4263 462 4324 Rcccplion
472 4261 679 4313 Pseudo-Isidem
691 4265 767 4312 antec
781 4259 901 4310 Nicotaus
914 4259 927 4309 l
942 4259 998 4310 aad
1011 4261 1129 4314 Hadrian
1143 4262 1175 4324 ll,
1186 4276 1210 4326 p.
1220 4262 1257 4310 ll.

230 4346 254 4392 t.
272 4342 365 4404 iligna,
379 4357 418 4406 ep.
434 4343 474 4403 7³,
489 4357 514 4406 p.
528 4343 580 4393 896.
