2960 5052
281 407 312 457 ld
704 405 921 458 Pnomutun

282 550 516 637 eumdemque
540 567 622 617 esse
648 554 753 637 atque
774 549 943 618 Hadriani
966 553 997 618 ΙΙ
1017 549 1344 635 bibliothecarium

221 757 223 761 Ι
281 673 385 760 idque
402 692 445 741 eo
460 671 576 758 magis
590 672 794 742 incredibile
808 677 863 741 est
878 673 973 760 quod
997 673 1210 742 Hincmarus
1237 673 1347 744 istum

281 797 451 877 Hadriani
481 797 803 881 bibliothecarium,
838 798 1118 887 quamoptime,
1149 803 1187 867 ut
1215 801 1347 887 proba-

281 923 413 1008 vimus,
444 926 605 1003 noverat,
629 941 697 991 nec
715 940 829 1011 parva.
852 941 933 991 cum
960 940 1003 991 eo
1029 922 1241 1011 conjunctus
1269 933 1349 993 erat

282 1044 577 1116 necessitudine¹.

326 1174 412 1240 Haec
433 1169 586 1258 quidem,
612 1168 682 1238 nisi
703 1170 820 1254 fallor,
848 1170 934 1240 satis
962 1189 1139 1260 superque
1167 1171 1213 1240 ad
1239 1172 1347 1242 fidem

281 1295 476 1364 Annalibus
496 1293 752 1362 Hincmarianis
772 1296 1062 1381 confirmandam.
1079 1299 1343 1382 Verumtamen,

284 1439 364 1488 oum
390 1437 538 1506 eaquae
565 1418 608 1488 de
638 1423 781 1488 auctore
813 1419 1003 1489 Hinomaro
1030 1420 1266 1510 disputamus,
1303 1422 1346 1490 ad

283 1544 388 1613 aliam
404 1562 548 1612 causam
565 1543 705 1630 possint
726 1544 1005 1624 accommodari,
1024 1547 1093 1614 hoc
1114 1545 1346 1633 premendum

261 1731 263 1739 ,
284 1668 388 1745 etiam
403 1674 507 1755 atque
524 1667 630 1739 etiam
645 1673 700 1736 est
716 1674 974 1754 argumentum.
1069 1676 1072 1682 '

326 1791 462 1860 Etenim
488 1791 550 1879 qui,
565 1786 781 1861 Remensem
809 1791 1116 1881 archiepiscopum
1139 1811 1284 1862 errasse
1309 1791 1345 1861 in

282 1916 448 2005 personis
471 1916 695 2002 arbitrantur,
719 1916 766 2001 id,
789 1915 882 1984 inter
903 1915 985 2001 alia,
1000 1915 1179 1985 nonsatis
1192 1916 1347 1986 animad-

282 2047 475 2123 verterunt,
496 2041 736 2126 Hincmarum,
755 2059 824 2127 qua
842 2059 921 2108 oum
945 2040 1134 2109 Anastasio
1159 2040 1346 2109 bibliothe-

284 2165 601 2253 cariojungebatur
610 2164 991 2249 familiaritate,eadem
1000 2164 1111 2232 fuisse
1120 2163 1348 2251 conjunctum

284 2308 363 2356 cum
377 2287 538 2372 Arsenic,
561 2287 729 2375 episcopo
752 2288 932 2369 Hortensi,
951 2287 1120 2376 Sedisque
1139 2287 1348 2376 apostolicae

284 2409 514 2500 apocrisiario
525 2407 549 2496 ²,
566 2417 671 2499 atque
694 2411 786 2480 inter
798 2412 879 2482 illos
896 2419 971 2481 tres
990 2413 1151 2482 homines
1173 2432 1245 2481 non
1266 2412 1350 2482 dico

285 2534 461 2638 sinceram
493 2533 717 2622 amicitiant,
751 2536 816 2604 sed
849 2539 1071 2625 frequentem
1092 2556 1196 2605 usum
1217 2535 1348 2606 fuisse.

171 2663 175 2672 '
282 2662 361 2728 Jam
404 2677 436 2728 a.
480 2660 561 2744 865,
605 2660 687 2728 dum
731 2661 903 2730 Arsenius
950 2661 1165 2748 legationem
1200 2665 1351 2749 aposto-

283 2784 387 2854 licam
399 2783 436 2851 in
451 2783 601 2852 Francia
625 2782 845 2873 perageret⁴,
876 2803 953 2852 rem
981 2805 1062 2853 cum
1088 2784 1148 2854 illo
1174 2786 1353 2854 habuerat

315 2990 337 3037 l.
355 2987 414 3047 Qua
426 2991 507 3038 umen
517 2986 667 3038 necessitudo
680 3001 727 3036 non
739 2986 772 3036 ita
784 2985 941 3048 intelligenda
951 2992 988 3036 est
1000 2992 1028 3036 ut
1041 2987 1185 3038 Hinemarus
1193 2985 1354 3038 anastasium

283 3065 391 3117 absolute
404 3073 476 3132 atque
494 3083 522 3117 ex
536 3069 617 3118 animo
633 3066 752 3116 dilexerit.
765 3065 908 3116 Videbimus
923 3066 986 3116 inlra
1004 3067 1125 3132 quoduam
1139 3081 1215 3128 genus
1234 3065 1354 3117 amicitiae

284 3145 346 3196 inter
357 3153 485 3212 utrumque
498 3148 584 3208 luerit;
602 3147 659 3208 sed,
673 3147 693 3195 si
710 3145 805 3211 quando
827 3145 971 3196 Hincmarus
992 3147 1023 3196 ab
1040 3147 1167 3198 Anastasio
1183 3147 1255 3207 cavit,
1275 3161 1355 3196 causa

284 3226 387 3277 maxime
400 3233 438 3276 est
453 3227 516 3292 quod
529 3242 586 3277 eum
598 3227 753 3277 benenatum
765 3226 879 3276 hahebat.

315 3309 339 3356 2.
356 3306 494 3369 arsenium,
505 3307 642 3371 episcopum
656 3307 808 3369 Hortensem,
823 3305 935 3356 eumdem
949 3321 1002 3356 esse
1020 3312 1092 3372 atque
1106 3306 1235 3358 arsenium
1253 3307 1353 3370 apocri-

283 3386 381 3436 siarium
395 3385 465 3438 Sedis
478 3387 622 3451 apostolice,
640 3392 707 3451 patet
720 3402 748 3436 ax
760 3386 798 3435 his
810 3386 903 3436 Nicolai
913 3387 927 3436 ,Ι
942 3386 1027 3436 litteris
1045 3402 1051 3435 :
1067 3404 1081 3436 u
1096 3387 1187 3439 Scitote
1198 3401 1240 3436 nos
1255 3392 1304 3436 tum
1317 3387 1353 3437 ad

283 3467 412 3530 gloriosum
424 3480 506 3529 regern
518 3474 624 3518 uestrum
638 3480 712 3530 qnam
731 3465 762 3516 ad
777 3479 832 3530 tos,
849 3467 978 3516 Arsaniam
995 3466 1158 3517 uenerabilem
1177 3467 1264 3529 virum,
1287 3468 1354 3517 llor-

281 3551 375 3596 tensem
386 3544 538 3610 episcopum,
558 3545 740 3610 apocrisiarium
757 3549 783 3593 et
798 3546 898 3595 missum
911 3546 1047 3610 apostolice
1065 3545 1160 3598 sedis...
1179 3544 1321 3596 destinasse.
1334 3563 1349 3594 a

283 3625 399 3691 Epistola
419 3625 457 3674 ad
477 3625 604 3690 episcopos
620 3623 824 3689 Gallioeffligne,
838 3631 858 3675 t.
872 3626 983 3690 CXXVI,
998 3641 1037 3691 ep.
1050 3628 1090 3690 79,
1105 3640 1130 3691 p.
1147 3625 1213 3690 alt).
1226 3626 1259 3677 V.
1273 3623 1353 3676 etiam

283 3705 406 3757 llincmari
420 3705 540 3767 Annales,
554 3720 577 3755 a.
591 3706 646 3767 sot,
659 3719 684 3768 p.
697 3706 752 3754 lot.

314 3789 338 3837 3.
356 3785 425 3847 Quod
439 3784 504 3835 enim
521 3785 551 3834 de
565 3784 692 3835 Anastasio
704 3783 774 3833 modo
788 3783 905 3848 dicebam,
922 3785 952 3835 de
965 3786 1066 3836 amenio
1084 3784 1212 3836 dicendum
1223 3785 1298 3834 etiam
1309 3793 1354 3836 est

283 3867 371 3916 verius.
387 3868 457 3918 lluno
468 3865 566 3930 quidem
576 3864 729 3926 Hincmarus‚
741 3863 858 3913 commodi
870 3865 906 3914 aui
917 3880 998 3928 causa,
1009 3866 1130 3916 devincire
1141 3865 1186 3915 sihi
1197 3865 1296 3928 studuit,
1305 3866 1353 3916 sed

284 3945 432 4010 despectum,
446 3947 532 3996 intimo
542 3945 621 4004 corde,
637 3943 751 4004 hahebat,
766 3943 967 4007 quemadmodum
981 3946 1004 3996 id
1014 3952 1107 3996 constat
1120 3961 1149 3995 ex
1162 3945 1192 3994 iis
1206 3960 1259 4011 quae
1271 3945 1355 3994 Hine-

284 4040 373 4090 marus,
382 4027 407 4077 in
416 4029 466 4078 suis
476 4026 615 4090 Annalibus,
631 4025 661 4075 de
675 4023 785 4084 Arsenio,
801 4024 853 4073 tiro
868 4042 882 4072 u
895 4040 988 4088 magara
1002 4027 1140 4077 calliditatis
1153 4032 1179 4076 et
1190 4025 1271 4074 nimia
1283 4025 1355 4088 cupi-

284 4104 366 4154 ditatis
380 4126 404 4170 o,
419 4107 517 4158 liberius
528 4114 621 4158 loeutus
635 4111 680 4156 est.
697 4105 727 4155 l'.
742 4103 865 4154 llincmnri
886 4105 1004 4168 Annales,
1021 4122 1044 4158 a.
1060 4109 1104 4158 86l
1121 4108 1210 4173 (Pertz,
1220 4105 1277 4168 SS.,
1292 4110 1311 4154 t.
1328 4107 1352 4170 1,

284 4199 309 4249 p.
323 4186 379 4247 lld)
391 4194 416 4236 et
427 4201 451 4236 a.
466 4189 511 4239 868
526 4187 609 4252 (ibid,
624 4202 649 4252 p.
660 4185 725 4248 lll).

315 4267 338 4316 l.
357 4265 387 4317 V.
405 4266 657 4330 llincmaridnnnles,
668 4281 690 4318 a.
701 4267 756 4329 865,
771 4279 796 4329 p.
812 4267 891 4315 tot-a.
