2944 5060
533 443 728 496 urrunnu
746 445 865 504 ,Paron
1186 447 1230 496 327

168 599 351 657 congregans
373 582 525 655 synodum,
541 585 749 657 supradictum
771 584 951 641 Anastasium
965 585 1019 641 hoc
1041 585 1140 654 modo,
1160 587 1233 642 siout

169 674 362 746 subsequitur,
377 675 441 746 post
453 673 652 730 damnationes
664 677 736 732 latus
746 677 851 732 iterum
866 674 1079 731 condemnavit.

168 849 328 909 ulomaiu
362 845 388 905 ll
424 846 598 906 Dnonaruu
636 862 797 907 nnvnnsos
831 848 1051 922 Ausarasruu,
1086 847 1128 907 lv
1160 863 1230 906 mus

243 955 458 1014 (turonense.
481 953 556 1028 868,
580 971 663 1013 arun
686 953 718 1014 S.
742 955 918 1014 Paaxnunu
938 970 1118 1013 naorraruu
1135 952 1156 1012 ¹.

203 1102 346 1160 Adrianus
366 1101 527 1173 episcopus,
554 1119 652 1158 servus
674 1119 822 1158 servorum
841 1101 904 1157 Dei.
930 1099 1015 1157 Omni
1034 1101 1087 1156 Dei
1105 1101 1233 1159 ecclesie

169 1197 272 1249 notum
292 1193 335 1246 est
358 1189 428 1263 quid
445 1191 610 1246 Anastasius
638 1195 770 1264 tempore
793 1191 1041 1263 praedecessorum
1067 1192 1235 1247 nostrorum

169 1280 338 1355 pontificum
358 1279 491 1352 gesserit,
512 1279 563 1336 sed
583 1285 611 1336 et
626 1280 748 1353 qualiter
769 1281 806 1336 ob
821 1279 852 1334 id
865 1280 901 1335 de
915 1280 966 1335 illo
981 1284 1085 1337 sanctes
1099 1282 1233 1338 reeorda-

168 1369 255 1428 tionis
274 1371 329 1426 Leo
350 1372 379 1425 et
396 1367 577 1437 Benedictus,
598 1369 697 1424 eximii
719 1369 866 1440 presules,
882 1368 1068 1439 instituerint,
1081 1372 1177 1443 palam
1192 1373 1235 1427 est

173 1458 297 1518 eunctis.
317 1459 446 1524 Quorum
465 1474 537 1512 unus
551 1474 619 1513 eum
634 1457 774 1529 deposuit,
795 1457 1053 1514 excommunicavit
1071 1462 1100 1514 et
1118 1460 1237 1515 anathe··

168 1547 326 1616 metirent,
352 1547 425 1602 alter
447 1563 515 1602 vero
531 1546 756 1603 sacerdotalibus
775 1545 939 1618 exspolians
952 1545 1139 1616 vestimentis,
1160 1549 1236 1603 inter

167 1641 258 1697 laicos
282 1639 314 1696 in
342 1638 546 1695 communione
569 1638 689 1711 recepit.
713 1640 852 1695 Decessor
875 1637 972 1710 itaque
996 1642 1095 1694 noster
1115 1641 1235 1695 sanctis·

168 1730 259 1786 simus
273 1745 349 1802 papa
363 1728 495 1784 Nicolaus
510 1744 577 1782 eum
591 1730 700 1800 postea,
717 1727 742 1782 si
755 1726 881 1782 fideliter
896 1743 966 1798 erga
979 1730 1109 1782 sanctam
1127 1728 1235 1784 Roma-

169 1835 240 1874 nam
258 1817 415 1873 Ecclesiam
433 1816 588 1884 incederet,
610 1817 639 1871 in
654 1816 766 1888 gremio
780 1815 845 1889 pari
862 1816 950 1871 modo
969 1816 1126 1887 recepisset
1143 1819 1234 1874 eccle·

168 1906 264 1975 siae23
291 1906 342 1962 sed
369 1904 525 1960 infidelitas
548 1905 610 1977 ejus
632 1922 708 1961 nunc
735 1905 765 1960 in
792 1907 908 1960 tantum
941 1905 1082 1977 apparuit,
1112 1909 1144 1960 ut
1169 1910 1235 1977 post

169 1995 418 2068 depraedationem
449 1993 615 2067 patriarchii
653 1994 745 2049 nostri
780 1993 1014 2065 oblationemque
1051 1994 1234 2064 synodalium

166 2084 387 2157 scripturarum,
417 2085 560 2154 questam
575 2098 703 2153 superse
723 2098 811 2155 quam
826 2098 912 2153 super
929 2080 1095 2152 hujusmodi
1114 2099 1131 2138 a
1149 2100 1239 2150 sanos

166 2171 289 2229 tissimis
302 2171 472 2244 praesulibus
495 2170 614 2226 diversis
627 2171 805 2242 temporibus
824 2170 954 2226 decretas
973 2174 1131 2242 repererat,
1151 2171 1234 2228 insti-

168 2263 314 2318 tutionem
338 2277 452 2333 quoque
477 2259 649 2316 venerandae
673 2259 774 2332 synodi
797 2259 832 2315 ab
852 2259 920 2331 ipsis
934 2259 1038 2315 sanctis
1051 2261 1235 2332 pontificibus

167 2352 280 2408 iactam
309 2353 397 2422 atque
426 2350 478 2406 sub
497 2348 718 2421 interpositione
742 2348 937 2405 anathematis
968 2351 1108 2406 retectam
1132 2350 1234 2407 violari

168 2439 254 2496 nohis
269 2438 454 2511 subripiendo
472 2437 584 2506 iecerit,
606 2441 636 2493 et
654 2437 785 2494 homines
807 2438 844 2494 ad
859 2437 1061 2494 seminandum
1076 2437 1152 2494 inter
1165 2439 1233 2514 piis·

171 2529 261 2585 simos
276 2527 420 2600 principes
435 2531 464 2583 et
477 2526 628 2584 ecclesiam
642 2526 693 2582 Dei
708 2525 864 2582 discordias
878 2543 931 2598 per
944 2543 1043 2583 muros
1065 2527 1151 2601 hujus
1169 2528 1235 2585 oiri·

167 2618 237 2673 tatis
263 2633 344 2673 more
370 2616 441 2671 iuris
470 2615 548 2671 exire
572 2615 714 2687 coegerit,
740 2614 954 2687 quemdamque
981 2614 1184 2690 Adalgrimum
1198 2617 1235 2674 ad

168 2706 321 2762 ecclesiam
341 2704 510 2777 confugium
530 2704 687 2760 facientem
707 2704 797 2758 oeulis
821 2706 849 2759 et
873 2704 972 2776 lingua
991 2704 1100 2776 privari
1117 2723 1236 2779 sugges·

169 2794 249 2850 serit.
263 2795 347 2850 Modo
359 2810 437 2863 vero,
450 2795 524 2848 siout
537 2793 621 2848 multi
633 2796 760 2848 vestrum
772 2808 887 2848 mecum
902 2793 1058 2865 aquodam
1067 2796 1235 2867 presbytero

169 2883 387 2955 consanguineo
405 2882 477 2954 ejus,
494 2882 614 2937 nomine
632 2881 744 2950 Adone,
765 2880 896 2952 audistis,
912 2884 941 2937 et
956 2881 1019 2937 aliis
1039 2883 1133 2939 modis
1152 2883 1236 2940 nobis

169 2973 331 3028 revelatum
346 2975 399 3044 est,
418 2970 625 3026 beneficiorum
644 2987 761 3042 quoque
780 2973 946 3026 nostrorum
965 2970 1121 3027 immemor
1140 2972 1235 3029 homi·

169 3079 237 3118 nem
253 3061 290 3116 ad
304 3059 503 3116 Eleutherium
518 3058 596 3114 misit
610 3061 764 3115 exhortans
781 3059 957 3116 homicidia³
971 3061 1143 3132 perpetrari,
1157 3079 1234 3135 quae,

170 3151 244 3206 sicut
255 3150 340 3218 scitis,
356 3149 429 3222 proh
445 3148 546 3204 dolori
562 3149 639 3203 facta
652 3152 728 3204 sunt.
744 3149 777 3204 Et
791 3148 856 3204 ideo
869 3165 922 3222 pro
933 3147 978 3204 his
994 3149 1127 3204 omnibus
1141 3155 1170 3206 et
1181 3168 1234 3225 pro

170 3239 234 3294 aliis
249 3237 355 3308 multis,
376 3237 479 3310 quibus
494 3236 645 3292 ecclesiam
665 3237 921 3310 Dominilperculit
935 3240 1021 3309 atque
1045 3238 1126 3306 laesit,
1147 3256 1234 3311 quam

171 3328 261 3383 etiam
287 3326 412 3382 subdolis
440 3325 702 3382 machinationibus
726 3327 864 3382 hactenus
887 3326 1011 3382 tundere
1032 3343 1092 3382 non
1114 3327 1233 3400 desistit,

169 3417 340 3472 auctoritate
365 3416 417 3470 Dei
439 3414 644 3487 omnipotentis
664 3415 852 3488 omniumque
877 3419 1042 3471 sanctorum
1061 3421 1176 3488 patrum
1202 3434 1235 3475 ao
1324 3431 1328 3438 ·

169 3505 402 3561 venerandorum
417 3504 607 3560 conciliorum
630 3504 891 3578 predictorumque
911 3505 1090 3576 pontificum,
1106 3505 1191 3561 simul
1207 3510 1236 3562 et

168 3594 272 3666 judicii
286 3593 377 3649 nostri
397 3594 542 3648 sententia
556 3593 700 3649 sancimus
719 3595 800 3650 illum
816 3594 953 3649 eumdem
971 3593 1154 3649 anastasium
1175 3613 1235 3652 esse

168 3683 339 3753 tenendum,
353 3683 601 3756 quemadmodum
630 3683 664 3738 de
684 3699 719 3738 eo
743 3683 833 3739 iidem
850 3683 951 3738 domni
967 3683 1115 3755 pontifices
1136 3685 1193 3740 Leo
1208 3689 1237 3741 et

169 3771 339 3828 Benedictus
355 3771 523 3827 solemniter
535 3775 563 3826 et
578 3771 712 3843 synodice
727 3774 898 3840 statuerunt,
915 3773 987 3827 nihil
1001 3771 1031 3827 in
1047 3774 1107 3845 ejus
1118 3774 1235 3830 anathe·

169 3864 248 3917 mate
267 3861 312 3916 rel
327 3877 413 3917 eausa
434 3860 550 3932 penitus
569 3860 760 3933 adjungentes
776 3863 818 3916 vel
834 3861 1010 3930 minuentes,
1025 3861 1079 3918 nisi
1106 3865 1138 3918 ut
1156 3863 1236 3918 omni

169 3949 374 4006 communione
390 3949 585 4005 ecclesiastica
597 3950 724 4022 privatus
738 3950 851 4022 existat,
867 3951 960 4006 donec
974 3951 1009 4006 de
1024 3951 1159 4008 omnihus
1172 3953 1236 4026 qui-

202 4159 225 4205 l.
242 4155 276 4205 V.
290 4154 414 4204 Hincmari
427 4154 547 4218 annulae,
562 4169 585 4203 a.
601 4156 645 4206 868
661 4155 752 4219 (Perta,
765 4156 786 4218 l,
799 4155 862 4219 tre).

202 4237 226 4285 2.
243 4235 270 4285 ld
287 4240 333 4299 est,
344 4236 369 4284 in
386 4234 494 4285 ordinem
504 4235 654 4285 sacerdotum
668 4235 820 4286 restituisset.

203 4317 228 4366 3.
246 4315 332 4368 Uxoris
346 4314 457 4365 videlicet
472 4322 545 4380 atque
558 4314 612 4366 filiu
626 4314 752 4382 pontilicis.
