2960 5052
263 457 293 505 66
406 455 663 506 ANASTASIANI
684 453 831 504 INGENll
852 453 972 503 Patala
992 441 1186 504 ulciacus

261 598 333 686 jure
353 607 458 688 potest
477 597 686 665 ambitiosum
707 597 799 664 illum
819 597 926 664 virum
947 618 981 665 se
999 596 1039 664 ad
1057 597 1177 665 bonam
1195 596 1326 682 frugem

235 714 398 801 ,vitaeque
421 712 579 798 religiosae¹
599 713 789 780 modestiam
813 711 983 801 recepisse.
1000 711 1162 799 Namque,
1190 721 1226 780 ut
1250 723 1328 780 ante

247 829 416 915 diximus,
428 829 453 896 si
468 828 524 915 qui
538 836 645 896 essent
657 827 696 894 ab
710 827 879 914 episcopali
896 838 952 895 aut
965 828 1152 896 sacerdotali
1166 826 1327 912 dignitate

261 943 388 1030 dejecti,
411 952 507 1030 atque
524 942 601 1010 inde
620 952 763 1030 quaestus
782 943 930 1010 muneris
950 943 1001 1009 sui
1021 943 1220 1024 amisissent,
1241 963 1327 1028 saepe

262 1058 359 1126 fiebat
376 1068 413 1125 ut
433 1059 493 1142 eis,
515 1078 582 1124 non
603 1066 671 1124 tam
691 1057 732 1123 ad
751 1059 889 1124 honores
907 1078 1007 1144 quam
1026 1057 1066 1124 ad
1086 1057 1222 1141 cibaria,
1238 1059 1326 1125 lauta

262 1172 411 1259 quaedam
425 1162 555 1240 abbatia
569 1193 645 1240 cum
666 1172 734 1239 suis
756 1171 915 1238 reditibus
935 1172 1168 1239 concederetur
1180 1171 1202 1239 ¹.

306 1287 400 1368 Quod
425 1286 487 1375 ipsi
513 1287 686 1354 Anastasio
714 1286 921 1374 (quanquam
947 1287 1111 1354 incertum
1136 1296 1185 1354 est
1211 1298 1325 1356 utrum

261 1403 384 1470 Nicolai
404 1401 419 1484 Ι
440 1423 483 1470 au
503 1401 670 1470 Benedicti
695 1401 742 1468 lll
767 1400 958 1490 largitione)
981 1403 1083 1468 multo
1102 1402 1169 1469 veri
1184 1403 1325 1470 similius

262 1528 309 1586 est
329 1517 497 1605 obtigisse,
522 1529 560 1585 eo
579 1517 685 1604 magis
708 1517 795 1604 quod
820 1538 890 1584 ruox
915 1516 1147 1603 perspiciemus
1171 1538 1244 1604 quae
1264 1517 1325 1586 ista

260 1633 358 1701 fuerit
381 1632 597 1701 Anastasiana
624 1633 792 1711 correctio,
817 1642 850 1700 et
872 1653 938 1720 quc
959 1641 1051 1718 pacto
1080 1631 1120 1699 ab
1145 1632 1325 1700 ambitione

261 1759 293 1817 et
314 1748 437 1817 fallacia
458 1749 486 1816 is
508 1747 608 1816 abbas
624 1746 664 1814 ad
682 1747 912 1815 verecundiam
935 1748 1099 1832 fidemque
1121 1747 1322 1834 migraverit.

260 1863 298 1932 ld
320 1885 425 1932 unum
449 1863 664 1932 concedamus
682 1862 911 1949 Anastasium‚
930 1863 1063 1931 adversa
1089 1863 1240 1930 edoctum
1258 1863 1326 1930 ior·

260 1990 358 2067 tuna,
391 1981 430 2047 ab
451 1977 631 2046 ambitiosis
656 1977 816 2064 consiliis,
843 1978 923 2045 dum
943 1979 1021 2045 vixit
1044 1977 1241 2046 Benedictus
1264 1978 1324 2066 Ill,

259 2096 437 2183 prudenter
451 2105 660 2182 temperasse,
677 2095 883 2180 otiosumque
901 2103 1043 2180 tempuS,
1062 2115 1126 2179 quo
1144 2094 1327 2161 necessario

260 2210 442 2297 fruebatur,
458 2211 493 2276 in
507 2211 578 2276 aliis
590 2209 707 2276 studiis
721 2208 973 2295 consumpsisse.
988 2207 1137 2275 Narravit
1151 2208 1241 2275 enim
1255 2208 1326 2296 ipse

265 2327 454 2392 Anastasius
475 2323 515 2390 ad
530 2323 615 2410 quod
639 2345 758 2391 novum
777 2325 996 2413 occupationis
1014 2345 1132 2411 genus,
1154 2344 1195 2391 ne
1210 2347 1326 2393 rursus

262 2442 296 2506 in
312 2439 443 2506 vetitam
463 2439 671 2524 cupiditatem
685 2439 828 2507 recidere
842 2440 1019 2525 videretur,
1043 2440 1191 2507 animum
1213 2441 1328 2507 inten-

262 2555 358 2640 derit,
373 2574 437 2640 qua
452 2553 577 2622 ratione
594 2552 633 2621 ab
653 2553 765 2621 amicis
780 2555 848 2622 suis
865 2554 962 2623 fuerit
976 2554 1134 2622 adductus
1149 2564 1185 2622 ut
1203 2556 1327 2641 linguae

262 2690 374 2757 graecae
400 2669 582 2755 scientiam,
606 2690 671 2757 qua
692 2690 757 2756 prae
777 2670 1088 2756 ceteris'aequalibus
1108 2671 1261 2758 pollebat,
1285 2673 1327 2739 ad

262 2805 471 2854 communem
497 2783 657 2852 conferret
681 2784 871 2870 utilitatem,
898 2785 1077 2872 grecisque
1104 2785 1258 2872 operibus
1289 2787 1327 2853 iu

261 2902 402 2970 latinum
429 2922 614 2970 sermonem
642 2899 805 2968 vertendis
834 2920 966 2987 operam
992 2900 1094 2968 daret.
1124 2900 1204 2981 Quae
1228 2899 1328 2968 verba

263 3016 441 3104 Anastasii,
456 3037 493 3083 ex
512 3015 632 3104 quibus
651 3036 750 3102 supra
764 3016 998 3082 confirmabam
1018 3016 1171 3083 eumdem
1188 3035 1259 3084 esse
1276 3017 1328 3084 bi-

262 3132 508 3198 bliotherarium
522 3140 618 3218 atque
632 3131 858 3218 presbyterum
877 3131 912 3198 S.
927 3130 1081 3217 llarcelli,
1097 3153 1163 3198 non
1179 3132 1327 3200 alienum

262 3256 310 3314 est
321 3247 382 3314 hoc
395 3248 464 3313 loeo
479 3255 635 3333 repetere.
656 3269 673 3309 a
686 3244 856 3332 Cogitante
871 3267 936 3332 me,
952 3247 1009 3332 ait,
1026 3267 1063 3313 ao
1078 3248 1134 3315 diu
1150 3247 1245 3315 tacite
1259 3249 1327 3316 sol·

261 3361 413 3448 liciteque
436 3358 677 3447 considerante,
707 3361 786 3444 quid
808 3359 843 3426 in
860 3361 957 3428 domo
979 3360 1039 3429 Ilei
1061 3363 1264 3430 commodius
1288 3384 1327 3430 ac

261 3476 393 3565 dignius
412 3476 539 3561 operari
559 3495 701 3562 possem,
719 3496 759 3543 ne
778 3496 816 3543 ea
831 3475 976 3544 videlicet
1001 3497 1232 3564 praesumerem
1251 3498 1326 3566 quae

261 3591 343 3662 mihi
364 3610 401 3660 er
415 3588 597 3658 ministerio
620 3590 742 3657 credita
763 3610 830 3657 non
849 3599 938 3677 sunt,
960 3611 1019 3659 nec
1037 3613 1150 3660 rursus
1169 3593 1224 3659 illa
1242 3592 1326 3660 arri·

261 3727 373 3795 perem
397 3725 469 3793 quae
487 3703 644 3793 ingenioli
667 3705 732 3773 mei
755 3707 839 3775 vires
858 3706 1028 3792 excedunt,
1046 3707 1228 3774 secundum
1242 3708 1326 3776 illud

262 3821 444 3893 Salomonis
460 3844 468 3888 z
485 3819 548 3888 Mel
571 3819 742 3907 invenisti,
769 3820 902 3890 comede
923 3822 1009 3908 quod
1032 3821 1152 3890 sullicit
1177 3821 1254 3910 tibi,
1282 3843 1327 3892 ne

294 4002 317 4049 l.
332 4000 364 4049 V.
378 4014 460 4064 supra,
475 4013 500 4062 p.
513 3999 602 4058 28-293
617 3995 648 4045 el.
663 3995 813 4058 Thomassin‚
828 3997 968 4062 Disciplina
978 3999 1009 4048 de
1023 3997 1137 4064 l'dqlise
1149 4004 1210 4064 part.
1226 4001 1257 4062 ll,
1269 3999 1287 4049 l.
1303 4003 1326 4062 l,

261 4093 284 4129 c.
295 4091 351 4142 ιιι,
366 4083 417 4130 nt
433 4078 482 4142 (ed.
500 4077 580 4142 gut).
591 4077 652 4127 lllnc
666 4075 724 4125 illud
739 4093 753 4123 u
761 4076 881 4126 abbatiam
891 4077 959 4128 valde
967 4078 1085 4142 bonam»,
1098 4078 1161 4144 quod
1172 4079 1326 4144 llincmarus,

261 4159 365 4208 scribens
379 4158 409 4207 ad
424 4159 545 4208 Nicolaum
568 4159 588 4222 l,
610 4173 638 4207 cx
659 4156 775 4206 industria
788 4157 920 4220 usurpavit,
943 4164 1014 4208 utne
1035 4164 1211 4209 accusaretura
1229 4175 1327 4210 summo

260 4237 372 4301 pontilice
385 4236 448 4300 qaod
463 4237 570 4286 Rotbado
585 4235 663 4286 nullas
681 4250 747 4299 opes,
763 4248 804 4299 pro
818 4235 904 4286 emisso
918 4238 1065 4302 episcopatu,
1079 4238 1222 4303 reliquisset.
1238 4239 1269 4288 V.
1281 4255 1325 4288 su-

261 4332 312 4384 pra,
324 4329 349 4380 p.
363 4317 403 4366 29.
