2954 5050
478 427 642 480 ruamus
664 427 906 480 csruuuluua
1181 436 1225 482 189

148 567 374 662 potentissimi
389 570 596 639 dominatum
612 569 789 640 refrenare.
811 572 858 640 At
873 571 910 638 in
926 572 988 640 hoo
1002 591 1113 642 severe
1126 574 1225 643 casti·
1258 629 1261 638 .

149 687 283 776 gandus
297 693 346 756 est
360 685 568 773 Anastasius,
585 687 685 775 quod,
705 707 858 775 pugnans
875 706 952 756 cum
971 686 1165 780 Hiaomaro,
1183 692 1224 758 ad

150 803 330 890 indignam
354 801 515 870 fallaciam
542 801 761 891 descenderit,
783 801 907 871 lamam
932 801 1019 871 sedis
1044 805 1224 892 apostolicae

152 918 244 1007 apud
261 917 522 986 valentissimum
547 917 640 986 illum
658 917 847 1005 episcopum
866 917 1038 988 adduxerit
1057 919 1094 987 in
1108 919 1225 989 discri-

150 1051 247 1122 men,
262 1031 426 1120 fueritque
439 1053 537 1101 causa
552 1053 611 1100 cur
622 1030 724 1100 Gallis
737 1031 967 1102 Romanorum
978 1032 1061 1102 fides
1074 1045 1224 1124 suspecta

150 1147 258 1218 videri
269 1147 345 1236 jure
359 1148 530 1237 potuisset.

195 1262 288 1344 Quid
306 1263 368 1331 iste
386 1263 490 1351 egerit
509 1263 548 1330 in
572 1281 669 1332 causa
689 1263 910 1351 Rothadiana,
928 1264 1025 1351 paulo
1047 1274 1123 1334 ante
1141 1266 1224 1334 vidi·

150 1391 249 1463 mus3
277 1378 333 1446 sed
361 1377 397 1445 in
424 1395 521 1446 causa
549 1377 695 1448 Wulfadi
733 1377 945 1448 mendacium
979 1379 1224 1466 impudentiore

151 1493 327 1562 mendacio
340 1492 530 1562 cumulavit.

198 1607 346 1697 Etenim,
358 1609 535 1694 ennodii,
547 1608 690 1697 episcopi
702 1601 947 1697 proviaciairum
961 1608 1108 1697 quinque
1124 1606 1223 1677 Galli·

152 1742 282 1812 carum,
310 1722 544 1792 Suessicnihus
576 1724 612 1791 in
641 1724 816 1792 concilium
851 1725 1055 1811 congregali,
1092 1723 1224 1794 Wulla-

152 1839 249 1929 dum,
266 1839 462 1908 canonicum
474 1836 714 1927 presbyterum,
733 1847 765 1907 et
776 1838 936 1926 quosdam
953 1839 1033 1908 alios
1047 1840 1222 1908 canonicos

153 1964 214 2024 aut
238 1957 414 2023 monachos
442 1955 482 2022 ab
504 1955 595 2023 omni
622 1954 738 2022 ordine
759 1963 791 2023 et
815 1953 978 2042 dignitate
1007 1955 1222 2024 ecclesiastica

152 2068 371 2158 dejecerant¹.
399 2068 478 2138 Reis
508 2071 568 2137 hoa
605 2078 675 2137 erat
710 2069 850 2157 crimen,
880 2069 967 2157 quod
996 2069 1037 2140 ah
1066 2069 1220 2155 Ebhone,

152 2184 311 2254 R'emensi
324 2193 419 2255 antea
430 2187 581 2273 presule,
594 2185 735 2254 sedtum
748 2184 1220 2286 asacrismuneribusamoto,

153 2302 290 2369 inanem
312 2309 411 2388 atquc
430 2299 579 2369 illicitam
598 2299 840 2370 ordinationem
859 2297 1092 2387 accepissent2.
1118 2299 1223 2369 Hinc-

153 2429 268 2484 marus
295 2425 419 2505 autem,
432 2416 594 2504 *quamvis
619 2413 656 2483 in
681 2415 890 2485 Suessionico
917 2416 1054 2484 concilio
1082 2416 1219 2504 adesset,

153 2531 354 2600 sententiam
374 2540 484 2600 tamen
510 2532 580 2620 ipse
606 2531 690 2600 ferre
718 2533 881 2620 noluerat,
910 2531 1031 2600 timens
1060 2552 1103 2600 ne
1127 2553 1222 2602 accu-

153 2656 282 2716 saretur
293 2647 381 2734 quod
395 2647 571 2737 impropria
585 2667 682 2717 causa
691 2647 887 2737 judicassem
902 2667 1092 2735 quanquam
1102 2647 1221 2716 deinde

152 2763 246 2831 omni
274 2762 470 2832 incubuerat
504 2761 612 2832 studio
651 2773 688 2830 ut
726 2763 872 2851 ejusdem
909 2762 1037 2832 concilii
1074 2764 1155 2831 Acta
1190 2773 1222 2831 et

150 2878 284 2947 decreta
301 2899 432 2947 summo
450 2878 596 2966 pontifici
615 2879 845 2966 probarentur.
867 2877 907 2948 Iu
930 2898 996 2965 quo
1015 2877 1163 2965 sortasse,
1185 2886 1222 2945 ut

152 2993 372 3082 ipsc'quidem
389 2994 595 3083 significavit,
611 3015 678 3062 non
692 2992 823 3080 insigne
839 2993 953 3061 odium
972 2994 1008 3061 in
1027 2991 1221 3061 Wulladum

153 3108 291 3197 ejusque
312 3109 415 3178 socius
432 3109 647 3199 exercebat&
673 3109 730 3179 sed
759 3107 929 3197 quoniam,
958 3110 1150 3178 confirmato
1181 3109 1221 3178 de

152 3224 219 3292 illis
240 3224 378 3312 judicio,
405 3227 654 3295 confirmaretur
680 3225 780 3294 etiam
801 3223 959 3293 ·Ebbonis
983 3224 1111 3314 ejectio,
1139 3225 1222 3293 nihil

153 3343 217 3408 hcc
244 3361 315 3410 esse
332 3349 472 3430 ,poterat
505 3341 682 3410 Hincmaro
710 3340 837 3428 utilius,
870 3341 940 3433 qui,
970 3340 1042 3410 vivo
1069 3340 1220 3426 Ehbone,

153 3456 328 3525 Rcmcnsis
356 3456 614 3545 archiepiscopus
637 3457 675 3524 in
698 3454 769 3545 ejus
797 3458 907 3525 locum
929 3457 1085 3526 suffectus
1111 3464 1180 3524 erat
1195 3453 1218 3520 ⁴.

186 3723 210 3770 l.
227 3719 260 3768 V.
281 3717 367 3782 coleti,
384 3725 403 3769 t.
417 3721 460 3782 IX,
475 3735 501 3785 p.
516 3721 575 3772 1087
589 3735 643 3786 sqq.
651 3733 660 3783 ;
671 3718 798 3770 Flodoardi
810 3719 951 3770 Historiam
963 3719 1090 3768 Rememis
1101 3717 1220 3777 ecclesiae,

152 3798 171 3848 l.
180 3799 216 3848 lll
232 3799 323 3862 (Perta,
334 3800 392 3863 SS„
406 3801 474 3863 Xlll,
483 3803 528 3852 484
543 3801 609 3866 sqq.)
616 3816 625 3864 ;
639 3800 731 3864 liciole,
742 3801 811 3850 flat.
824 3800 869 3850 des
880 3800 994 3861 concites,
1006 3805 1025 3848 t.
1036 3800 1068 3861 V,
1076 3813 1101 3862 p.
1110 3800 1154 3848 388
1165 3812 1221 3861 sqq.

186 3882 211 3929 2.
228 3879 297 3928 Ebbo
307 3879 412 3942 dejectus
421 3885 458 3929 cst
471 3881 502 3930 ab
512 3881 650 3945 episcopatu
661 3895 684 3932 a.
695 3883 750 3931 835.
761 3881 794 3930 V.
803 3880 947 3944 Epictetum
960 3879 1110 3941 synodicam
1119 3877 1221 3926 concilii

156 3959 296 4010 Tricassiai
307 3958 343 4008 ud
356 3959 493 4008 Nicolaum
502 3959 517 4008 l
523 3959 619 4023 (Coleti,
629 3965 649 4008 t.
663 3960 693 4024 X,
704 3974 730 4024 p.
741 3961 808 4020 att).
823 3958 861 4008 uf.
877 3956 971 4018 Helele,
987 3971 1026 4020 op.
1037 3956 1091 4019 cit,
1105 3970 1130 4020 p.
1140 3958 1219 4007 284-5.

187 4041 212 4089 3.
229 4039 264 4088 V.
282 4038 404 4087 Hinamari
419 4039 561 4102 Epistulam
576 4039 613 4089 ad
627 4039 762 4090 Nicolaum
781 4038 883 4102 (Migna,
903 4042 922 4086 t.
947 4036 1057 4099 CXXVI,
1078 4050 1113 4100 p.-
1125 4037 1174 4100 63),
1198 4042 1222 4086 et

155 4117 302 4185 Epistulam
315 4117 352 4167 ad
363 4117 499 4182 Epilonem
514 4119 615 4180 (iligna,
631 4119 688 4169 ibid.
692 4155 701 4183 ,
722 4134 747 4183 p.
766 4117 817 4181 65).
837 4115 907 4176 Quod
921 4115 1020 4166 Carolus
1034 4117 1122 4167 Calvus
1135 4117 1220 4166 confir·

156 4199 243 4261 marit,
254 4197 361 4247 scribens
371 4198 401 4246 ad
413 4198 525 4248 eumdem
538 4213 634 4264 papam.
649 4201 682 4250 V.
697 4198 784 4262 (toleti,
799 4203 818 4247 t.
833 4197 865 4259 X,
879 4212 905 4261 p.
915 4198 970 4247 323.

187 4283 212 4331 4.
229 4279 258 4328 ld
271 4281 317 4339 cst,
327 4291 389 4328 anno
399 4280 454 4329 845.
464 4278 497 4330 V.
510 4279 592 4344 Epist.
607 4279 696 4345 synod.
708 4292 776 4329 cunc.
791 4277 927 4328 Tricastini
936 4275 1033 4342 (coleti,
1043 4283 1063 4327 t.
1072 4279 1104 4341 X,
1115 4292 1141 4342 p.
1156 4277 1220 4341 att).
