2960 5052
270 411 300 461 22
691 412 910 464 PROOEMIUM

270 555 308 622 In
329 557 398 623 hoc
418 574 505 623 sane
529 553 659 643 scripto
679 556 782 644 plura
807 562 889 623 sunt
909 574 990 642 quae
1016 559 1184 642 suspecta
1208 555 1337 626 merito

271 677 486 764 habeantur;
504 681 657 765 agebant
670 678 762 748 euim
776 678 836 747 isti
859 679 894 746 iu
917 678 1063 766 propria
1090 697 1200 747 causa
1225 679 1335 767 idque

269 801 489 886 iracundius;
508 808 589 870 sunt
602 811 720 871 tamen
735 803 815 888 alia,
836 802 976 891 quibuS,
989 804 1180 871 verborum
1191 803 1334 890 quidem

271 927 408 995 sublata
421 925 560 1014 injuria,
579 925 745 995 assentiri
758 945 910 996 necesse
930 933 1003 1010 est;
1025 927 1153 1015 quippe
1169 948 1250 1015 quae
1265 949 1336 997 uec

270 1049 338 1117 dici
346 1069 411 1138 per
425 1049 792 1137 ignorantiammeque
807 1071 852 1118 ex
863 1049 1035 1119 industria
1045 1049 1132 1136 fingi
1142 1051 1333 1139 potuerint.

159 1197 161 1202 ·
270 1172 378 1262 Cujus
394 1174 537 1260 generis
551 1174 636 1241 illud
653 1178 719 1259 est,
738 1173 868 1242 cumin
896 1172 952 1242 his
979 1173 1103 1242 litteris
1132 1174 1337 1243 declaratur

271 1296 347 1383 quis
363 1296 421 1364 ille
435 1297 480 1364 sit
494 1316 646 1384 quocum
660 1295 840 1380 Nicolaus,
857 1301 930 1364 tum
950 1296 985 1364 in
1002 1316 1044 1366 ea
1060 1315 1182 1381 causa,
1210 1303 1284 1366 tum
1297 1298 1333 1366 iu

269 1421 459 1508 plerisque,
478 1421 622 1490 decreta
637 1439 702 1488 sua
717 1421 926 1488 elucubrare
942 1421 1090 1489 solebat.

313 1548 434 1631 Itaque
448 1544 662 1613 Guntharius
678 1549 713 1613 et
726 1545 976 1631 Theutgaudus
1003 1545 1186 1615 Nicolaum
1204 1565 1333 1634 papam

272 1668 323 1737 sic
351 1668 609 1756 adloquuntur:
638 1695 654 1731 «
670 1669 883 1737 Absentibus
899 1668 977 1738 aliis
999 1670 1279 1757 metropolitanis
1300 1675 1335 1738 et

270 1793 494 1862 diocesaneis
520 1793 743 1882 coepiscopis
759 1798 793 1861 et
808 1793 1045 1862 confratribus
1065 1794 1210 1879 nostris,
1233 1799 1335 1862 extra

271 1917 425 1986 omnium
454 1917 595 1986 omnino
634 1937 862 2002 consensum,
894 1901 955 1986 tuo
984 1917 1094 1986 solius
1126 1918 1270 1986 arbitrio
1300 1925 1336 1986 et

268 2042 449 2128 tyrannico
480 2045 611 2128 furore,
643 2048 783 2111 nosmet
815 2043 1007 2131 dampnare
1032 2042 1185 2128 voluisti,
1218 2042 1335 2111 subito

271 2167 422 2254 quadam
458 2167 519 2234 tibi
556 2168 691 2235 cartula
719 2171 754 2234 et
780 2165 961 2253 inprovise
984 2172 1160 2253 porrecta,
1188 2166 1336 2234 lectoris

271 2290 426 2358 officium
450 2308 653 2370 assumens
674 2292 871 2370 ¹assistente
900 2291 1010 2359 lateri
1038 2295 1097 2358 too
1120 2291 1333 2374 Anastasio,

272 2414 584 2499 compresbytero
598 2416 753 2482 ambitus
766 2416 964 2502 dampnato
977 2420 1013 2483 ct
1023 2415 1183 2500 deposito
1194 2419 1230 2482 et
1242 2434 1338 2482 ano-

273 2539 525 2618 thematizoto
549 2544 654 2624 cujus
670 2541 1070 2626 sceleratontaptstetto
1092 2544 1173 2608 tuos
1194 2542 1337 2625 proeci-

267 2666 414 2758 pitotur
425 2662 569 2750 soror*¹
597 2690 613 2726 o

314 2791 551 2857 Amoveamus
579 2788 696 2875 igitur,
726 2788 757 2857 si
782 2790 911 2876 placet,
927 2788 1013 2856 illud
1039 2790 1335 2874 «sceleratum»,

271 2912 366 2999 quod
379 2912 519 2998 quidem
530 2911 747 2980 iracundiam
760 2912 898 2981 redolet
926 2918 1030 2999 atque
1058 2912 1094 2978 iu
1116 2911 1232 2998 majus
1259 2911 1338 2980 dic-

270 3040 343 3102 tum
365 3034 460 3105 est²:
487 3043 600 3106 restat
622 3043 660 3105 nt
686 3037 717 3104 is
740 3037 962 3121 Anastasius,
995 3056 1100 3124 quem
1125 3036 1292 3106 Nicolaus
1321 3039 1339 3106 1

273 3177 417 3226 suorum
432 3160 655 3229 decretorum
668 3160 804 3229 socium
817 3159 1050 3247 comitemque
1062 3160 1226 3242 hahebat,
1242 3178 1338 3228 uuus

271 3284 435 3372 idemque
458 3285 564 3353 fuerit
588 3292 692 3373 atque
708 3284 917 3354 Anastasius
936 3285 1126 3354 cardinalis
1146 3287 1340 3373 presbyter

273 3411 306 3478 S.
324 3408 492 3477 Marcelli.

316 3531 396 3602 Noli
408 3531 501 3600 enim
516 3532 718 3601 existimare
732 3533 821 3602 istos
839 3531 1127 3620 archiepiscopos
1156 3532 1338 3602 audivisse

273 3659 412 3746 quidem
427 3658 469 3726 de
487 3657 603 3745 aliquo
618 3659 819 3742 Anastasio,
845 3657 990 3727 assiduo
1004 3657 1140 3727 Nicolai
1155 3657 1212 3744 adj
1219 3664 1335 3743 utura,

274 3785 348 3870 sed,
386 3789 530 3872 propter
566 3781 824 3851 similitudinem
855 3782 1017 3868 nominis
1059 3783 1221 3852 abbatem
1254 3801 1337 3850 cum

305 3962 330 4013 l.
350 3962 428 4025 Pertz,
444 3961 502 4024 SS„
514 3967 534 4010 t.
545 3961 566 4024 l,
578 3974 603 4023 p.
617 3960 671 4010 ³77.

304 4043 327 4090 2.
343 4041 486 4106 Quanquam
499 4042 537 4092 isti
550 4039 730 4105 archiepiscopi,
743 4053 774 4088 ne
785 4039 809 4088 iu
821 4038 865 4088 hoo
877 4038 983 4104 quidem,
996 4039 1107 4105 opinione
1118 4037 1254 4106 longolalsi
1267 4043 1334 4090 sunt.

273 4121 383 4184 Namque
398 4122 544 4184 Anastasius,
557 4121 581 4170 in
597 4136 625 4170 ca
639 4135 710 4186 opera
728 4133 800 4183 quam
814 4133 906 4168 summo
918 4119 1021 4184 pontifici
1043 4119 1147 4183 navavit,
1161 4117 1336 4184 impudentiam

271 4203 297 4248 et
317 4197 423 4247 fraudem
442 4215 503 4263 saepe
518 4201 626 4251 exhibuit
645 4203 678 4264 (v.
700 4199 761 4248 infra
775 4213 797 4248 c.
813 4199 850 4263 v).
866 4198 913 4249 Sed
935 4205 1015 4250 tamen
1035 4198 1092 4247 satis
1112 4204 1172 4262 erat,
1194 4204 1221 4247 ut
1241 4196 1334 4262 opinor,

274 4279 351 4329 dicere
366 4295 379 4326 ι
395 4279 528 4342 improbum
543 4281 707 4342 magisterium
722 4297 746 4330 o.
