2960 5052
585 414 800 466 PROOEMiUM
1194 418 1223 468 {³

159 557 398 645 tulit¹.ltaque
410 557 453 627 de
463 557 715 627 istaAnastasii
726 558 1030 628 commendatione
1040 559 1222 632 videamus

161 681 287 770 quibus
303 681 421 750 verbis
443 702 601 750 summus
623 682 682 750 iile
696 683 855 771 pontifex
875 683 1066 752 Hincmaro
1083 686 1224 756 nuntia·

158 805 270 873 verit:
289 832 306 868 (ι
321 805 428 884 licet,
451 805 498 873 ait
516 806 729 893 Hadrianus,
747 807 916 896 frequens
937 808 1132 878 sanctitatis
1151 815 1222 880 tuae

158 930 269 1014 fama,
289 950 369 1018 quae
391 949 571 1020 nunquam
592 930 661 1000 nisi
685 951 765 1000 oum
788 932 892 1001 laude
917 951 1058 1021 semper
1078 932 1220 1020 exstitit,

157 1059 195 1122 te
211 1054 313 1124 nobis
328 1054 458 1124 dudum
472 1055 597 1124 fecerit
614 1055 853 1143 manifestum,
869 1061 987 1126 tamen
1002 1064 1038 1126 ut
1057 1057 1223 1127 virtutum

156 1178 465 1268 probabiliumque
475 1199 614 1268 morum
624 1185 764 1248 tuorum
773 1180 1049 1269 praedicamenta
1059 1181 1222 1270 liquidius

158 1321 455 1390 agnosceremus,
479 1303 628 1372 fratrum
654 1311 869 1392 nostrorum,
894 1305 1059 1374 videlicet
1081 1306 1222 1374 Arsenii

156 1427 372 1496 venerabilis
391 1427 611 1516 apocrisiarii
626 1428 721 1498 sedis
739 1435 884 1516 nostrae,
903 1429 985 1518 quin
1009 1434 1046 1498 et
1066 1429 1221 1511 Actardi,

157 1551 464 1620 sanctissimorum
481 1554 688 1641 praesulum,
707 1571 849 1622 necnon
863 1559 899 1622 et
916 1555 1141 1623 dilectissimi
1152 1555 1223 1640 filii

155 1678 244 1762 mei,
256 1681 396 1745 sunctae
407 1678 501 1745 sedis
514 1678 725 1764 apostolicae
739 1679 1018 1762 bibliothecarii,
1033 1678 1116 1747 iecit
1131 1680 1223 1748 Ana·

157 1799 261 1868 stasii
274 1799 392 1868 multis
406 1800 596 1889 praeconiis
610 1802 716 1890 plena
731 1801 1022 1889 delectabilisque
1033 1800 1187 1872 relatio’.
1202 1828 1219 1864 »

155 1923 282 2004 Vides,
296 1925 408 1994 amice
422 1926 545 2010 lector,
561 1929 599 1992 ut
609 1925 818 2004 Anastasius
834 1926 944 1994 abbas
958 1945 1081 1994 mense
1095 1926 1221 1996 martio

156 2065 194 2114 a.
212 2047 361 2146 868IJam
374 2049 659 2120 bibliothecarius
674 2047 991 2138 sedisapostolicae
1003 2048 1219 2132 nominetur;

155 2172 230 2241 nisi
243 2173 332 2241 forte
347 2173 527 2242 arbitreris
542 2175 636 2243 hunc
650 2173 888 2259 Anastasium,
906 2171 967 2261 qui
987 2177 1121 2240 tantam
1135 2191 1239 2260 ope·-

154 2315 238 2365 ram
263 2297 356 2384 apud
384 2316 559 2365 summum
585 2298 789 2386 pontificem
812 2316 877 2384 pro
901 2296 1090 2365 Hincmaro
1112 2295 1221 2364 inter-

152 2421 293 2510 posuit,
318 2421 424 2489 alium
453 2440 535 2490 esse
563 2423 607 2490 ab
629 2421 819 2490 Anastasio
849 2422 976 2490 abbate
1008 2440 1113 2509 quem
1143 2420 1221 2509 ipse

152 2546 389 2631 Hincmarus,
411 2553 448 2614 ut
465 2546 514 2614 ita
533 2551 673 2633 ageret,
695 2545 820 2615 litteris
843 2551 879 2614 et
899 2545 1104 2615 muneribus
1128 2544 1222 2615 solli-

153 2671 329 2739 citaverat
345 2691 353 2737 :
371 2670 465 2759 quod
480 2671 574 2739 serio
586 2671 645 2738 vix
659 2671 728 2739 dici
741 2676 869 2758 potest.

205 2794 295 2871 Quid
334 2796 468 2864 multa?
511 2797 744 2864 confitentem
781 2796 953 2865 habemus
992 2793 1221 2863 Anastasium

151 2919 275 3006 ipsum
289 2917 601 2987 bibliothecarium.
619 2923 653 2989 ls
669 2920 774 3005 enim,
792 2920 862 3009 qui,
881 2920 964 2988 dum
977 2921 1146 3004 regnaret
1159 2915 1220 2986 Ni-

152 3042 281 3110 colaus
299 3045 327 3126 I,
344 3061 414 3110 non
434 3042 528 3112 aliud
546 3062 673 3111 nomen
692 3043 729 3111 in
749 3045 823 3112 suis
840 3042 967 3112 libellis
986 3045 1221 3131 usurpaverat

151 3183 264 3253 quam
286 3166 465 3234 Anastasii
483 3166 602 3253 exigui
624 3168 760 3236 abbatis
769 3165 793 3252 ³,
814 3187 894 3235 cum
909 3166 1050 3254 scripsit
1067 3165 1109 3234 ad
1126 3166 1220 3234 Ado-

151 3307 241 3356 nem
261 3290 566 3379 arohiepiscopum
579 3291 829 3377 Viennensem,
846 3291 969 3380 paucis
994 3290 1117 3359 diebus
1137 3294 1220 3377 post

152 3420 406 3482 consecratum
420 3415 636 3484 Hadrianum
648 3414 711 3501 11¹,
725 3415 801 3503 jam
817 3434 856 3483 se
872 3413 1036 3484 ecclesiae
1046 3418 1218 3483 Romanae

190 3650 213 3696 l.
230 3647 279 3696 llas
294 3645 360 3696 enim
373 3646 467 3698 litteras
480 3647 515 3696 sic
527 3646 723 3697 commemoravit
738 3647 899 3696 llincmarus:
916 3661 930 3694 u
947 3644 1054 3694 Alteram
1068 3649 1148 3692 autern
1166 3641 1219 3705 epi·

148 3724 242 3775 stolam
259 3726 387 3776 Hincmaro
400 3725 486 3776 detulit
497 3726 642 3790 (Actardus)
660 3725 769 3776 laudibus
782 3731 807 3775 ot
820 3723 943 3775 fidelitatis
959 3721 1126 3774 dilectionibus
1140 3718 1219 3782 reple·
1273 3729 1276 3738 ·

148 3812 215 3869 tam,
234 3810 259 3854 et
279 3811 307 3855 ut
324 3806 376 3868 eins
395 3806 448 3856 vico
466 3806 491 3854 iu
509 3807 562 3856 istis
584 3805 693 3870 partibus
709 3805 740 3856 de
760 3804 884 3856 illothario
903 3805 1051 3868 iungeretur.
1067 3819 1080 3847 s
1094 3799 1219 3850 lliucmari

131 3951 135 3958 υ
148 3883 275 3948 Annales,
287 3900 313 3936 a.
330 3887 374 3936 868
390 3885 480 3950 (Perti,
494 3887 551 3948 SS.,
564 3891 582 3936 t.
598 3887 618 3950 l,
633 3900 657 3950 p.
673 3884 738 3950 til).

185 3967 210 4013 2.
226 3965 319 4029 usgue,
335 3971 354 4016 t.
365 3967 463 4029 cxxu,
478 3982 501 4030 p.
513 3969 587 4018 1271.

187 4051 211 4095 3.
224 4046 256 4095 V.
271 4045 450 4109 Proesationem
465 4047 493 4096 in
510 4047 594 4097 Vitam
609 4047 636 4097 S.
651 4044 744 4096 Basilii
762 4044 955 4108 supracitatum,
970 4057 995 4106 p.
1007 4045 1031 4104 5,
1044 4055 1069 4089 n.
1084 4041 1108 4092 2.
1119 4037 1218 4090 Nullum

153 4140 216 4190 opus
231 4126 285 4174 noui
303 4125 367 4190 quod
380 4126 529 4188 Anastasius,
546 4132 602 4175 ante
616 4124 710 4175 Nicolsi
726 4131 842 4190 tempora,
859 4122 1025 4187 composuerit

188 4208 211 4254 l.
233 4207 300 4254 Hanc
315 4206 380 4255 euim
396 4206 521 4270 epistolam
541 4207 575 4255 sic
592 4205 726 4266 ingreditur
743 4203 899 4255 Anastasius:
918 4219 930 4247 ι
945 4201 1024 4252 Triste
1037 4201 1081 4251 tibi
1097 4201 1217 4264 nuntium,

151 4299 198 4350 pro
212 4284 291 4334 dolor!
309 4285 411 4336 nimium
425 4287 509 4348 tristis,
529 4292 554 4336 et
569 4300 668 4348 gemens
686 4284 832 4335 transmitto.
856 4282 1004 4336 Venerabilis
1027 4281 1116 4348 quippe
1138 4296 1216 4331 recor·
