3006 5050
295 430 343 480 DE
363 429 529 480 NlCOLAO
550 431 649 482 raet
668 433 680 482 Ι
701 431 871 492 6111801111
891 431 1169 484 Flultlaltleus
1232 433 1261 482 Bi

199 571 307 638 colans
327 571 522 639 existimavit
536 593 607 639 rem
621 592 691 641 esse
707 572 815 642 denuo
829 573 1060 661 inquirendam
1076 573 1112 640 in
1125 572 1262 642 concilio

198 687 354 772 generali,
378 685 419 754 ad
442 686 526 774 quod
548 687 707 756 nimirum
724 708 762 755 ex
783 687 970 774 longinquis
996 686 1142 775 partibus
1169 686 1262 758 Occi·

199 800 306 868 dentis
319 811 558 870 arcesserentur
570 804 679 888 pluras
691 803 845 890 episcopi,
857 803 1008 890 quodque
1018 801 1060 870 ob
1071 822 1143 872 eam
1156 802 1262 892 ipsam

200 936 332 984 causam
346 917 381 984 in
398 917 518 986 multos
534 938 664 986 menses
679 918 846 1006 oportebat
860 917 994 1006 rejicere
1009 918 1031 986 ¹.

246 1031 374 1099 Interea
400 1052 474 1099 vero
500 1033 648 1122 episcopo
669 1033 842 1102 Portuensi
875 1053 930 1120 per
959 1053 1130 1102 summum
1158 1033 1265 1120 ponti-

200 1147 294 1212 ficem
315 1144 431 1214 licebat
455 1156 539 1214 stare
555 1167 613 1214 sno
628 1155 713 1214 statu
727 1158 759 1214 et
772 1144 914 1233 fortuna,
935 1146 1081 1234 suisque,
1096 1155 1134 1214 ut
1154 1156 1261 1235 antea,

200 1260 316 1327 amicis
336 1269 369 1326 et
386 1261 503 1346 opibus
519 1260 602 1349 lrui;
627 1262 661 1328 id
679 1272 809 1330 tantum
837 1262 1019 1350 prohibitus
1043 1271 1112 1330 erat
1133 1261 1262 1351 fugam,

198 1373 328 1463 injussu
354 1397 462 1464 papae,
490 1374 690 1465 capessere².
718 1375 847 1457 Quibus
869 1386 981 1445 tamen
1007 1376 1173 1462 imperatis
1197 1397 1264 1446 non

199 1492 309 1579 paruit
329 1491 550 1578 Rhadoaldus,
566 1491 636 1579 sed,
652 1512 728 1559 cum
743 1493 880 1561 instaret
893 1491 1015 1561 indicta
1030 1492 1099 1560 dies
1113 1492 1263 1581 concilio,

196 1605 355 1694 prologus
375 1627 412 1675 er
429 1606 558 1674 dioecesi
574 1607 747 1675 Portuensi
770 1605 884 1676 abiit³.
907 1606 1002 1687 Quod
1016 1628 1092 1676 cum
1112 1608 1263 1677 Nicotaus

197 1725 386 1816 audivisset,
403 1727 560 1797 intellexit
582 1729 628 1796 rei
650 1727 832 1795 absentiam
853 1738 1008 1816 perpetuo
1030 1729 1176 1796 excusari
1197 1749 1263 1796 nou

200 1990 227 2039 p.
242 1977 286 2029 166
300 1980 325 2024 et
338 1974 403 2038 err).
419 1974 488 2033 Quod
502 1979 582 2023 661666
598 1973 629 2023 ad
642 1973 784 2023 Zachariam
796 1978 898 2037 spectat,
912 1973 962 2036 qui,
977 1971 1177 2038 quemadmodum
1194 1987 1267 2039 supra

199 2055 316 2118 diximus,
336 2069 383 2102 una
398 2068 454 2104 eum
471 2053 556 2103 Pholio
572 2052 699 2104 damnatus
719 2059 769 2116 est,
792 2052 904 2102 Nicolaus
921 2059 946 2102 et
960 2051 1096 2117 Byzantinis
1112 2059 1137 2103 st
1148 2053 1263 2111 ‚Orienta-

200 2134 265 2183 libus
287 2133 428 2198 patriarcbis
448 2133 567 2182 nuntiavit
592 2133 616 2182 id
636 2134 725 2182 lactum
745 2133 818 2182 luisse
839 2137 995 2182 «convocato
1018 2130 1148 2181 multarum
1168 2133 1263 2197 provin·

199 2215 293 2264 ciarum
311 2211 492 2263 occidentalium
513 2213 637 2274 regionum
657 2214 861 2263 sanctissimorum
875 2211 1040 2276 episcoporum
1056 2216 1141 2261 emtor
1163 2210 1264 2274 (Nicolai

200 2295 284 2360 Epist.
305 2294 341 2344 od
361 2294 459 2343 clerum
485 2292 627 2356 Constant,
641 2294 728 2355 coleti,
742 2300 762 2343 t.
778 2294 945 2357 lx,p.13·15;
961 2291 994 2341 cl.
1008 2293 1092 2356 uper.
1111 2291 1147 2342 ud
1166 2292 1262 2342 Orient.

199 2375 377 2440 patriarchas,
405 2373 474 2437 ibid,
495 2388 520 2437 p.
542 2374 625 2437 l3tlll);
648 2380 673 2422 at
692 2373 741 2422 boae
759 2389 773 2422 a
793 2373 918 2438 pontifice,
938 2372 983 2421 nisi
1003 2373 1074 2421 malis
1092 2370 1122 2421 ab
1137 2373 1263 2422 Anastasio

201 2455 235 2517 (v.
254 2453 325 2518 inira,
345 2454 369 2502 in
384 2467 407 2501 e.
424 2453 461 2516 v),
481 2452 553 2502 nimis
571 2453 697 2514 magnilica
718 2452 781 2502 dicta
801 2452 920 2502 videntur.
939 2451 1051 2502 Nicolaus
1066 2453 1143 2515 enim,
1168 2451 1198 2501 ad
1219 2451 1263 2501 boc

197 2534 326 2583 concilium
346 2549 393 2582 non
407 2533 477 2582 modo
491 2532 579 2582 Gallias
602 2540 644 2582 aut
662 2532 814 2582 Germaniam
835 2547 977 2583 convocasse
994 2547 1040 2581 666
1061 2532 1160 2594 legitur,
1176 2547 1261 2602 verum

197 2615 272 2664 etiam
286 2629 340 2663 eum
355 2615 387 2663 sit
399 2615 428 2664 de
440 2614 555 2664 Zacharia
568 2619 695 2676 statutum,
706 2613 803 2662 ineunte
817 2627 840 2662 a.
854 2616 899 2664 863
913 2623 955 2663 aut
966 2615 1046 2662 verius
1060 2627 1083 2662 a.
1095 2615 1140 2663 862
1152 2618 1262 2676 exeunte,

197 2692 282 2755 paucis
301 2692 414 2742 videlicet
434 2693 519 2742 diebus
538 2697 592 2755 post
617 2705 741 2752 egressum
762 2691 787 2739 16
805 2691 931 2740 Franciam
950 2689 1113 2740 Rbadoaldum
1132 2690 1164 2752 (v.
1181 2704 1262 2753 supra,

198 2787 224 2836 p.
237 2773 287 2834 82),
312 2772 363 2822 fleri
378 2787 530 2837 nequaquam
545 2772 623 2836 potuit
641 2778 676 2834 ut,
700 2771 746 2820 boc
762 2770 818 2820 dato
837 2771 952 2835 temporis
966 2768 1100 2832 intervallo,
1117 2771 1217 2818 Romam
1234 2785 1263 2819 ex

136 2839 139 2844 ¹
196 2849 337 2914 longinquis
351 2850 488 2910 regionibus
503 2856 527 2898 et
539 2849 644 2914 episcopi
657 2856 798 2898 vocarentur
813 2855 838 2899 et
851 2849 969 2898 venirent.

232 2933 254 2978 l.
273 2928 299 2978 ld
322 2935 369 2992 est,
391 2929 422 2978 ad
450 2929 563 2979 kalendas
580 2928 721 2978 novembres
737 2944 761 2978 a.
777 2931 831 2978 eol.
846 2930 956 2993 Namque
971 2943 1000 2977 aa
1016 2933 1052 2977 est
1075 2926 1178 2992 synodus
1191 2941 1264 2991 quam

198 3005 317 3070 Nicolaus,
331 3014 393 3062 teste
401 3009 543 3071 llincmaro,
560 3028 572 3055 a
585 3010 665 3059 Rome
675 3015 789 3058 convocat
799 3009 864 3058 cirea
875 3007 986 3058 kalendae
998 3007 1144 3068 novembris,
1157 3007 1263 3056 indicans

198 3103 226 3137 se
242 3089 266 3137 in
286 3103 315 3138 aa
328 3089 467 3138 eorumdem
480 3089 536 3138 olim
550 3089 784 3153 archiepiscoporum
799 3087 961 3150 (Tbeutgaudi
976 3094 1000 3137 el
1014 3088 1149 3153 Guntbarii)
1168 3088 1262 3152 deposi-

198 3168 290 3217 tionem
313 3167 390 3217 denuo
408 3169 610 3231 confirmaturum,
635 3175 659 3218 et
681 3174 837 3217 tractaturum
856 3169 885 3217 de
904 3183 975 3217 eausa
991 3167 1097 3217 Lotbarii
1120 3174 1145 3217 et
1164 3167 1262 3231 Ignatii,

198 3248 454 3312 constantinopolitani
468 3248 609 3312 episcopio.
626 3249 747 3298 llincmari
762 3247 919 3310 66661666.
933 3250 1077 3311 86161666,
1092 3249 1111 3309 1,
1125 3250 1190 3310 166).

232 3331 256 3378 2.
279 3344 329 3378 6...
354 3328 527 3378 admonuimus
554 3343 618 3390 eum,
641 3333 760 3392 quatenus
780 3328 842 3377 sicut
860 3328 926 3390 prius
949 3327 1039 3377 nullam
1057 3329 1082 3377 in
1101 3335 1193 3392 partem
1211 3327 1263 3375 sine

199 3414 280 3456 nostra
292 3407 389 3458 licentia
404 3424 418 3457 a
431 3409 539 3458 Romana
552 3407 686 3458 discederet
699 3407 758 3457 6666
772 3422 778 3455 r
791 3407 832 3456 sed
847 3407 871 3455 in
883 3421 912 3456 ea
924 3407 1040 3470 residens,
1051 3408 1102 3457 sine
1114 3409 1200 3456 timore
1214 3406 1263 3454 suis

197 3487 297 3536 licenter
310 3494 389 3547 utens,
402 3494 427 3537 et
438 3489 526 3537 amieos
540 3504 568 3537 ac
580 3489 689 3537 homines
705 3502 759 3536 suos
771 3487 845 3537 libere
862 3487 994 3551 possidens,
1007 3493 1103 3552 tempus
1121 3486 1201 3551 synodi
1216 3499 1263 3549 qua

196 3567 335 3632 purgandus
345 3573 418 3632 esset,
433 3567 566 3632 intrepidus
580 3574 738 3632 exspectaret,
749 3568 828 3616 sciens
840 3567 944 3630 prolecto
953 3567 1013 3617 nibil
1029 3582 1054 3616 se
1066 3568 1183 3630 injustum
1197 3571 1261 3629 ante,

196 3645 234 3695 vel
248 3651 310 3710 post,
335 3653 421 3710 praeter
441 3661 539 3696 examen
558 3647 708 3712 synodicum,
729 3647 780 3695 lore
803 3661 927 3708 passurum
940 3661 947 3696 :
960 3646 1002 3696 aed
1028 3645 1171 3710 injustitia,
1190 3659 1262 3708 quam

196 3725 305 3790 baberet,
322 3741 375 3776 esse
390 3742 539 3776 mansurum.
553 3729 651 3790 insuper
671 3727 745 3775 etiam
766 3727 848 3790 sciret,
873 3727 892 3775 61
911 3741 1032 3791 quoquam
1055 3727 1193 3774 aRomaoa
1211 3724 1263 3774 sine

196 3805 295 3854 licentia
311 3812 392 3855 nostra
404 3806 540 3856 discesserit
556 3807 625 3866 urbe,
639 3806 697 3870 quia
715 3821 743 3854 ex
762 3812 820 3856 tuuc
834 3813 897 3856 esset
915 3806 1036 3869 depositus
1056 3811 1082 3854 et
1099 3805 1262 3854 excommuni-

196 3891 276 3934 catus.
290 3900 305 3932 o
319 3885 409 3934 Nicolai
423 3885 506 3950 Epist.
521 3886 557 3934 od
569 3887 666 3935 061661.
682 3884 845 3950 patriarchas
861 3884 955 3950 (661611,
967 3891 986 3934 t.
1001 3886 1042 3947 lx,
1053 3899 1078 3949 p.
1094 3885 1199 3947 13126).

230 3966 254 4013 3.
273 3981 286 4011 6
296 3963 343 4016 Sed
354 3965 440 4028 spretis
452 3965 653 4014 satisfactionibus
664 3965 761 4025 uostris,
775 3972 848 4030 atque
861 3964 985 4014 sententiis
997 3965 1022 4012 in
1034 3979 1059 4013 se
1071 3964 1178 4028 prolatis,
1189 3964 1262 4013 immo

198 4044 286 4108 spretis
304 4051 438 4094 sanctorum
457 4052 553 4108 patrum
572 4045 789 4106 constitutionibus,
810 4045 861 4094 sine
881 4043 977 4093 licentia
993 4049 1071 4093 nostra
1089 4045 1207 4108 propriam
1222 4059 1262 4094 ee·

198 4123 298 4172 alesiam
320 4123 461 4188 despolians,
486 4131 511 4174 et
536 4123 622 4187 lupinis
647 4125 758 4174 dentibus
775 4139 831 4173 oves
846 4123 892 4172 sibi
912 4122 1013 4171 creditas
1027 4124 1137 4174 deserens
1156 4124 1185 4173 ad
1205 4123 1263 4174 alias

199 4204 322 4264 dilaceres,
334 4205 499 4254 imminentem
513 4204 629 4268 synodum
643 4206 746 4265 lugiens,
763 4205 898 4253 discessit.»
913 4202 1003 4252 Nicolai
1017 4203 1100 4268 Epist.
1113 4205 1149 4255 cd
1164 4205 1261 4254 orient.

197 4283 340 4347 patriarch.
349 4284 443 4348 (Coleti,
456 4283 525 4346 ibid,
541 4299 565 4347 p.
578 4286 657 4348 1313).
