2954 5050
503 489 681 544 FORTUNA
705 489 822 543 vaula
1147 491 1195 542 825

170 637 364 709 Anastasius
387 635 530 725 prolecto
556 637 584 705 si
609 657 680 705 rem
701 635 915 724 aequabiliter,
934 655 1000 703 non
1030 654 1068 704 ex
1088 635 1195 705 ambi-

125 757 214 828 tione
240 757 488 845 considerasset,
511 757 594 825 nihil
616 775 751 844 prorsus
774 755 888 824 debuit
903 753 1108 824 Hadrianum
1137 775 1196 844 pa·

125 895 202 963 pam
217 893 341 961 cavere,
362 873 419 962 qui
441 872 587 961 quidem,
610 880 647 939 ut
664 870 910 940 liberalissimus
937 880 1005 940 erat
1026 871 1197 940 etbencfi·

126 990 335 1060 centissimus
348 989 372 1078 ¹,
392 987 516 1057 Nicolai
531 987 547 1056 Ι
569 986 740 1056 sententiis
759 987 911 1056 nonnihil
925 988 1099 1056 laxamenti
1114 987 1192 1056 darc

126 1104 360 1194 meditabatur,
385 1105 455 1195 sed,
483 1105 631 1195 quamvis
660 1104 849 1194 imperatori
877 1124 1003 1173 morem
1023 1103 1059 1172 in
1081 1102 1196 1172 moltis

127 1231 268 1311 gereret,
277 1230 389 1290 tamen
402 1222 442 1290 ad
455 1220 683 1290 infamandum
695 1220 897 1291 decessorem
911 1241 1009 1290 suum
1022 1229 1055 1290 et
1065 1219 1111 1289 sic
1123 1217 1192 1289 sedi

129 1338 312 1428 apostolice
324 1357 383 1426 per
396 1336 614 1426 ignominiam
633 1336 731 1405 unius
747 1357 838 1426 papae
857 1335 1055 1406 inurendam
1071 1334 1193 1424 labem,

129 1473 197 1523 non
213 1473 248 1522 se
262 1473 333 1523 csse
347 1462 499 1543 paratum
513 1452 662 1543 pluribus
676 1452 881 1521 documentis
895 1452 1091 1522 ostenderat.

176 1569 278 1656 Nam,
307 1578 345 1637 ut
374 1568 525 1640 omittam
557 1569 748 1658 scriptorem
775 1568 868 1638 Libri
896 1568 1108 1658 pontificalis,
1137 1566 1192 1658 qui

130 1686 232 1756 nimis
253 1685 354 1755 studii
374 1685 410 1754 in
429 1687 489 1754 hac
511 1685 681 1754 rehabere
696 1676 855 1772 videtur²,
876 1693 1007 1754 tantum
1026 1685 1138 1754 aberat
1158 1693 1196 1753 ut

130 1802 319 1880 Hadrianus
351 1801 474 1871 Nicolai
501 1799 619 1891 scripta
652 1800 862 1889 opinionibus
891 1800 1050 1886 haereticis
1078 1799 1196 1870 referta

130 1919 342 2007 existimaret,
379 1917 447 2007 ipse
474 1919 508 1986 in
533 1916 600 1987 suis
625 1918 741 1986 litteris
770 1916 1013 1986 conscribendis
1042 1917 1196 1986 eumdem

131 2021 257 2104 socium
279 2033 528 2124 adjutoremque
542 2027 755 2102 Anastasium
769 2034 890 2104 babere
906 2033 1063 2102 voluerat.
1086 2032 1198 2114 Quid?

131 2151 319 2238 Anastasio,
345 2151 380 2218 in
409 2150 564 2219 omnibus
588 2149 730 2237 epistolis
759 2170 840 2238 quas
859 2147 1019 2216 Hadriani
1047 2147 1194 2236 nomine,

130 2265 269 2336 ineunte
291 2267 346 2335 illo
372 2267 575 2355 pontificatu,
598 2265 792 2356 composuit,
812 2264 980 2351 integram
1003 2273 1036 2334 et
1054 2264 1196 2333 liberum

131 2380 196 2449 luit
214 2383 274 2449 hoc
289 2391 486 2471 praeceptum
500 2382 615 2451 erebro
629 2401 787 2470 usurpare
802 2402 811 2448 ε
828 2380 953 2449 Nicolai
964 2379 1096 2468 quidem
1103 2376 1196 2468 judi·

133 2499 184 2567 oia
196 2498 375 2586 mitiganda
391 2497 506 2585 videri,
522 2497 578 2567 sed
590 2517 627 2566 ea
641 2497 814 2566 evertenda
829 2518 894 2564 non
912 2517 994 2584 esse,
1009 2517 1069 2566 neo
1084 2516 1196 2564 maru·

133 2612 270 2682 landum
283 2615 365 2683 tanti
376 2613 536 2703 pontilicis
555 2614 759 2702 splendorem
774 2611 797 2682 ³.
820 2612 900 2694 Qure
916 2621 1015 2703 certe,
1032 2611 1198 2681 Hadriano

133 2750 217 2819 papa
240 2739 295 2800 aut
317 2730 404 2800 ultro
425 2729 644 2820 precipiente,
660 2739 715 2799 aut
739 2731 852 2799 saltem
877 2737 1055 2817 annuente,
1077 2729 1199 2798 scribe·

134 2932 214 2984 omnia
236 2933 367 2985 decessoris
379 2934 416 2984 sui
430 2940 493 2999 acte,
508 2949 561 2999 que
576 2934 617 2986 ills
632 2933 682 2984 zelo
695 2933 775 2984 diuino
788 2938 909 2995 sanxerat,
921 2932 1003 2982 hostes
1019 2945 1075 3002 vero
1096 2933 1148 2996 ejus
1169 2931 1199 2982 ad

135 3014 243 3080 proprios
259 3014 341 3064 libitus
355 3014 509 3079 infamabant,
524 3014 637 3065 uoluisset
649 3015 789 3077 infringere.
804 3031 818 3062 ιι
837 3012 952 3076 (vignoli,
964 3013 1008 3075 lll,
1022 3026 1046 3076 p.
1059 3011 1152 3077 lid-9.)

166 3099 190 3146 1.
208 3096 284 3159 Cujus
297 3094 447 3146 liberalitatis
457 3096 546 3145 mirum
559 3095 694 3160 exemplum
715 3095 740 3144 in
752 3096 810 3145 Vita
824 3093 938 3144 Hadriani
955 3091 1057 3142 relatam
1069 3098 1106 3143 est
1118 3093 1151 3157 (c.
1168 3102 1198 3157 ιι,

137 3189 161 3240 p.
174 3177 234 3232 aaa:
249 3191 274 3226 v.
289 3176 361 3225 etiam
376 3191 399 3226 c.
411 3188 449 3238 xl,
462 3191 487 3240 p.
504 3175 569 3240 227).
585 3176 646 3225 Huic
659 3181 742 3225 autem
758 3175 864 3240 pontifici
879 3189 927 3223 non
943 3175 987 3224 boc
1002 3173 1130 3225 consilium
1148 3187 1201 3224 ease

80 3306 82 3310 .
136 3260 164 3305 ut
175 3255 273 3305 lectioni
288 3256 446 3322 imperatorie
460 3256 529 3305 onice
545 3256 679 3321 inserviret,
693 3255 736 3305 sed
748 3260 866 3319 utpacem
879 3254 1017 3305 conciliaret
1032 3256 1093 3304 inter
1108 3269 1200 3318 omnes,

136 3350 165 3385 cx
179 3335 226 3385 boc
238 3337 368 3401 apparebat
375 3336 437 3401 quod
446 3335 537 3386 nullam
549 3351 631 3386 curem
643 3337 760 3386 babuerat
769 3335 874 3401 priorem
887 3351 961 3400 quam
975 3341 1003 3384 ut
1013 3336 1119 3386 lautores
1132 3335 1201 3385 victe

136 3415 246 3466 lectionis
258 3417 288 3466 ab
300 3417 382 3468 exsilio
396 3422 525 3467 revocaret.
540 3416 570 3467 V.
587 3417 671 3466 Vitam
680 3417 817 3480 Hadriani,
830 3431 851 3466 a.
863 3427 923 3479 xln,
936 3431 962 3480 p.
973 3418 1054 3466 227-8.

167 3498 192 3546 2.
209 3497 245 3546 Ex
258 3497 455 3561 hoctestimonio‚
466 3496 601 3547 Hadrianus
613 3498 633 3548 ll
645 3496 774 3546 decessoris
783 3497 819 3546 sui
832 3513 846 3544 (ι
855 3495 1042 3546 conversationis
1053 3493 1201 3559 exemplario
1233 3537 1238 3548 .

137 3575 300 3627 sollertissima
314 3577 467 3643 sequebatur,
483 3581 510 3627 ut
520 3577 551 3626 ab
564 3577 672 3627 hostibus
686 3577 761 3627 sancti
774 3575 875 3640 Nicolai,
890 3576 1063 3642 quiaomnibus
1079 3577 1131 3639 ejus
1148 3580 1201 3624 aeta

135 3657 234 3722 penitus
248 3657 379 3720 infringere
393 3657 708 3722 nitebantur,Nioolaitanus
721 3663 747 3709 et
756 3658 907 3723 scriberetur,
917 3663 942 3708 et
951 3656 1200 3722 publicadiceratur.o

140 3737 201 3789 Vita
219 3737 348 3788 Hadriani
362 3740 395 3800 11,
405 3754 427 3788 c.
438 3750 494 3801 x1v,
509 3754 534 3803 p.
546 3741 599 3792 228.

168 3820 194 3869 3.
211 3817 277 3876 Quin
295 3818 379 3882 ctiam,
393 3818 432 3869 dle
445 3822 459 3870 2
474 3833 551 3870 mens.
566 3819 636 3870 Febr.
656 3834 678 3871 a.
691 3823 747 3882 868,
762 3820 909 3884 Anastasius,
920 3834 947 3869 cr
967 3817 1082 3869 Hadriani
1100 3829 1186 3881 person

136 3897 167 3948 ad
188 3898 306 3962 synodum
325 3899 484 3950 Tricassinam
507 3899 621 3964 scribens,
639 3915 686 3950 non
702 3900 780 3950 solum
791 3902 895 3964 pusserat
918 3898 1080 3964 «apostolice
1094 3896 1204 3948 recorda·

137 3977 209 4028 tionis
225 3993 313 4044 papam
327 3979 452 4029 Nicolaum
464 3979 489 4028 in
503 3979 625 4030 codicibus
634 3980 672 4030 vel
683 3980 801 4046 diptychis
813 3979 966 4030 ecclesiarum
980 3978 1062 4040 scribi,
1076 3984 1101 4028 et
1114 3991 1202 4028 nomen

138 4061 192 4123 eius
205 4059 267 4108 inter
280 4074 348 4109 sacra
368 4060 496 4110 missarum
509 4059 632 4110 sollemnia
647 4061 741 4110 recitari
754 4078 778 4123 ι,
793 4060 834 4110 sed
851 4058 937 4109 deinde
952 4058 981 4108 de
994 4058 1025 4108 iis
1043 4058 1134 4108 locutus
1149 4073 1202 4124 que

139 4138 253 4190 adversus
267 4139 358 4190 Nicolai
375 4141 463 4206 scripta
477 4140 630 4204 parabantur,
647 4141 696 4190 brec
710 4140 797 4190 diserte
808 4145 918 4202 potuerat
933 4138 1036 4188 scribare
1054 4153 1061 4188 ι
1079 4139 1203 4190 escientes
1227 4127 1231 4134 ¹

139 4227 263 4285 praeterea,
278 4221 335 4285 quia
348 4235 504 4285 quacumque
517 4221 555 4270 bic
569 4221 681 4271 aduersus
696 4222 749 4284 ejus
762 4233 885 4284 personam
904 4218 942 4268 vel
960 4217 1056 4269 decreta
1079 4225 1202 4284 gerentur,

139 4315 179 4351 me
189 4300 227 4350 lu‘s
238 4313 368 4366 nunquam
378 4301 549 4366 proditurum
560 4315 708 4352 consensum
717 4317 730 4348 ιι
746 4299 848 4364 (iligna,
859 4307 878 4350 t.
889 4299 988 4364 cxxii,
998 4315 1037 4366 ep.
1048 4302 1072 4364 3,
1085 4315 1109 4365 p.
1122 4300 1203 4364 1262).

141 4381 179 4433 Gi.
191 4381 306 4432 Hadriani
320 4382 403 4447 Epist.
416 4381 453 4433 od
462 4381 575 4434 Adorrem
588 4382 667 4446 (ibid,
681 4395 719 4446 ep.
734 4383 918 4448 12‚p.12n·5;
934 4386 960 4432 at
970 4381 1041 4445 inira,
1052 4396 1077 4449 p.
1087 4381 1155 4448 229).
