3006 5050
288 399 335 452 DE
357 397 525 450 alcotan
546 397 644 449 Para
664 399 674 448 1
695 397 864 458 EJUSQUE
885 397 1168 452 asertionibus
1230 403 1261 452 96

193 541 397 630 Engeltruda
419 562 501 609 uxor
522 539 660 610 Bosonis
684 539 811 610 comitis
837 538 996 628 adultera,
1021 561 1102 628 quas
1125 541 1259 630 quidem

193 660 231 726 in
245 657 384 745 ltaliam,
409 655 627 745 adjudicium
642 655 727 724 sedis
745 656 939 744 apostolice.
960 654 1120 724 adducere
1141 658 1261 728 voluis-

193 773 273 842 set'.
299 773 345 840 At
363 770 443 860 quid
465 771 572 840 dicam
591 770 631 839 de
646 769 732 838 furto
752 779 825 838 tum
843 769 926 839 lacto
946 770 1260 860 impudentissime?

191 888 309 957 iussus
335 888 442 974 enim,
466 896 503 955 nt
527 886 686 974 diximus,
713 885 873 956 Arsenius
897 895 966 955 erat
991 907 1028 956 ex
1052 887 1258 976 patrimoniis

191 1005 334 1072 ecclesiae
347 1002 504 1072 Romanae
516 1022 633 1071 census
650 1003 791 1090 exigere,
806 1022 925 1090 eosque
939 1001 1046 1092 reipsa
1061 1013 1210 1090 exegerat
1222 1004 1258 1072 in

191 1139 294 1205 regno
311 1117 492 1185 Hludowici
508 1115 712 1205 Germanici;
733 1127 766 1185 at
783 1126 885 1186 totam
898 1117 1071 1205 pecuniam
1087 1116 1256 1206 improbus

190 1235 246 1302 itte
260 1233 410 1300 minister
424 1232 459 1300 in
476 1252 667 1300 crumenam
681 1231 826 1300 condidit
840 1251 947 1319 suam,
964 1251 1070 1320 neque
1083 1233 1170 1302 nllus
1183 1235 1260 1322 qni-

190 1347 268 1416 dem
280 1348 447 1416 teruncius
461 1368 480 1416 6
495 1367 625 1424 summo
643 1346 795 1434 pontifice
815 1356 920 1414 tactus
937 1343 1018 1416 est&

239 1461 323 1530 Cum
358 1472 468 1530 autem
498 1462 609 1532 bisin
640 1460 795 1530 eumdem
820 1461 863 1530 sit
888 1482 940 1530 res
967 1461 1079 1549 magni
1105 1463 1256 1552 periculi,

190 1578 366 1678 Arsenius,
388 1553 527 1645 Romani
548 1596 728 1664 regressus,
746 1597 813 1644 non
831 1576 924 1644 finxit
944 1597 979 1644 se
994 1597 1065 1648 esse
1083 1577 1119 1646 in
1137 1579 1256 1648 itinere

190 1694 381 1780 expilatum,
410 1692 467 1762 sed
486 1712 521 1762 se
545 1691 626 1760 nihil
642 1691 823 1780 quidquam
841 1691 878 1760 in
906 1689 1083 1761 Germania
1111 1694 1256 1782 coegisse

189 1809 349 1877 mentitus
365 1805 442 1878 esd.

224 2023 248 2071 l.
266 2020 467 2082 «Eogeltrndea,
483 2019 580 2085 utapud
590 2021 742 2082 Reginonem
751 2026 872 2082 narratur,
886 2034 982 2084 «usqne
989 2020 1093 2070 Danubii
1104 2019 1195 2070 fluenta
1204 2034 1258 2070 oum

188 2100 277 2150 eodem
291 2101 390 2150 Arsenio
402 2100 515 2166 perrexit,
531 2101 614 2166 ibique
631 2101 662 2150 ed
678 2101 818 2165 quempiam
831 2100 1037 2162 consanguineum
1052 2115 1095 2166 pro
1112 2099 1258 2150 caballorum

189 2180 337 2231 adminiculo
354 2181 388 2230 ire
409 2181 522 2245 condixit,
546 2188 571 2231 et
588 2181 619 2230 ad
639 2183 774 2243 Augustam
790 2181 913 2231 civitatem
933 2180 964 2230 ad
983 2181 1095 2230 eumdem
1115 2181 1216 2230 missurn
1232 2195 1259 2232 se

188 2276 341 2311 reversuram
353 2260 458 2326 pollicita
470 2267 513 2312 est.
531 2261 582 2313 'l'ali
599 2261 720 2311 occasione
738 2275 848 2323 gressum
868 2267 1019 2326 retorquens,
1032 2275 1061 2310 ex
1074 2260 1216 2312 Alamannia
1233 2261 1258 2310 in

189 2342 318 2392 Franciam
337 2341 497 2405 repedavit.»
520 2342 651 2402 Reginonis
667 2341 819 2404 Geronteon,
838 2356 861 2391 a.
885 2343 929 2392 866
951 2341 1039 2405 (Perta,
1060 2343 1081 2403 1,
1104 2341 1170 2405 dli).
1190 2340 1259 2401 Quod

187 2437 248 2472 cum
260 2422 365 2472 audisset
375 2422 500 2486 Amerina,
511 2422 638 2483 fugitivam
650 2420 716 2470 illam
729 2420 855 2472 mulierem
866 2421 1018 2472 anathemate
1032 2421 1157 2472 mulctavit
1172 2421 1258 2484 (ibide

188 2503 224 2553 cf.
242 2503 370 2563 Beronins,
391 2517 413 2551 a.
435 2504 490 2564 666,
508 2517 533 2552 6.
549 2514 615 2552 nx111
635 2502 710 2566 sqq.).
731 2501 860 2553 Waldrada
876 2507 958 2551 antem
978 2517 1032 2552 curn
1049 2503 1149 2553 Arseaio
1167 2503 1258 2554 Urbem

187 2587 291 2632 venerat
299 2583 332 2645 (v.
344 2583 467 2632 llincmari
478 2581 598 2646 Annales,
613 2597 637 2632 a.
650 2585 708 2646 865,
717 2597 742 2647 p.
755 2582 819 2646 469),
832 2587 867 2645 at,
882 2582 997 2646 prolecto,
1012 2589 1040 2632 nt
1050 2582 1153 2646 videtur,
1164 2583 1257 2646 apocri-

187 2662 270 2724 siario,
294 2677 350 2711 cnm
371 2662 424 2726 ipsa
442 2663 554 2712 Ticinum
571 2663 703 2725 attigisset,
720 2662 803 2725 lugam
816 2662 953 2726 capessivit.
967 2662 1001 2714 V.
1018 2661 1109 2712 Nicolai
1123 2662 1207 2726 Epist.
1222 2662 1258 2712 ad

187 2741 365 2792 Hludowicum
379 2757 465 2807 regem
479 2743 581 2808 (iligna,
595 2749 615 2792 t.
631 2744 717 2805 CXlX,
732 2758 770 2807 ep.
792 2744 847 2805 166,
862 2757 886 2807 p.
904 2744 985 2805 stre).
1002 2743 1087 2807 Neque
1100 2743 1125 2791 in
1142 2741 1258 2803 bacinga

187 2822 286 2886 culpam
299 2837 351 2871 esse
359 2823 456 2872 Arsenii
466 2822 638 2884 ausimdicere,
651 2837 694 2872 666
702 2828 766 2872 certe
778 2821 875 2872 Nicolao
886 2821 920 2870 ita
930 2823 1008 2872 visum
1016 2828 1062 2878 est,
1075 2821 1116 2886 qui
1130 2821 1258 2871 Amanium

187 2903 237 2952 bac
256 2902 322 2951 inre
344 2901 456 2951 solertem
477 2903 550 2952 luisse
571 2901 752 2951 existimaverit.
769 2903 826 2951 llaec
842 2901 907 2952 enim
920 2903 941 2950 ia
956 2901 1062 2966 pontifex
1082 2901 1114 2951 ad
1134 2901 1258 2951 universos

187 2982 317 3046 episcopos
337 2982 436 3047 scripsit
454 2983 484 3032 66
505 2981 639 3033 Waldrada
660 2996 666 3031 :
689 2999 702 3030 6
717 2982 786 3032 Licet
800 2982 917 3032 industria
930 2981 1004 3044 legati
1021 2982 1096 3031 nostri
1114 2981 1144 3030 ad
1164 2980 1258 3032 ltaliam

187 3063 270 3113 denuo
283 3067 392 3114 revocata
407 3063 472 3112 sit.»
487 3062 579 3114 Nicolai
592 3063 676 3127 Epist.
689 3062 725 3112 nd
737 3062 800 3112 unio
823 3062 900 3127 episc.
911 3061 1013 3126 (iligna,
1032 3077 1072 3126 ep.
1089 3064 1127 3124 93,
1146 3076 1171 3126 p.
1190 3063 1256 3127 9l2).

222 3145 246 3192 2.
263 3143 390 3192 arsenium
402 3141 463 3192 nihil
474 3143 605 3208 quidquam
617 3144 641 3191 in
655 3143 765 3192 aerarium
779 3142 929 3206 pontificium
945 3141 1059 3191 detulisse
1073 3143 1141 3192 tastis
1155 3149 1191 3193 est
1205 3142 1257 3207 ipse

186 3221 316 3285 Nicotaus3
338 3237 424 3272 census
445 3227 527 3272 autem
546 3237 630 3272 revera
650 3230 744 3272 coactos
763 3237 825 3286 esse,
840 3222 969 3272 abeodem
984 3222 1096 3287 pontifice
1110 3223 1257 3288 accepimus,

187 3302 234 3366 qui
253 3317 278 3352 se
296 3301 326 3352 66
347 3318 372 3352 re
387 3303 515 3352 certiorem
532 3302 605 3352 luisse
626 3303 745 3367 protessus
764 3308 802 3352 est
823 3317 879 3352 curn
906 3317 935 3352 ex
962 3302 1093 3352 multorum
1111 3303 1256 3366 narratione,

187 3388 244 3432 turn
257 3382 330 3432 etiam
339 3397 382 3446 per
395 3382 503 3444 legatum
518 3381 652 3432 Hludovvici
666 3382 814 3433 Germanici.
830 3382 871 3434 Sic
883 3382 949 3432 enim
963 3382 1069 3432 adhunc
1082 3397 1173 3446 regem,
1187 3382 1257 3430 annis

187 3461 673 3527 666666666666666666666666661666
686 3477 748 3528 papa
762 3477 769 3512 ε
783 3479 796 3508 a
809 3462 901 3513 Statuit
914 3467 1028 3527 preterea
1041 3461 1164 3512 nobiscnm
1177 3459 1255 3510 excel·

186 3542 270 3592 lentie
285 3548 369 3592 vestra
383 3542 488 3607 legatus,
504 3550 540 3607 nt,
554 3543 674 3593 mediante
687 3543 750 3593 Maio
763 3557 846 3592 mense
863 3542 935 3606 hujus
956 3542 1039 3608 prima
1053 3539 1199 3602 indictionis,
1212 3552 1256 3603 pro

187 3623 262 3673 unius
275 3624 329 3672 anni
341 3623 456 3672 reditibus
470 3639 549 3673 rerum
565 3625 590 3674 S.
605 3623 670 3674 Petri
682 3623 706 3672 in
718 3637 794 3684 regno
803 3629 883 3673 vestm
892 3623 993 3672 sitarum
1002 3621 1151 3686 recipiendis,
1165 3625 1257 3669 nostros

186 3699 277 3750 missos
289 3701 457 3752 direxissemus
472 3720 479 3753 a
494 3716 549 3751 cum
566 3703 667 3752 duorum
680 3717 797 3752 annorum
808 3704 860 3768 jam
873 3709 980 3768 tempora
993 3700 1152 3765 preterierint
1165 3713 1193 3747 ex
1207 3711 1256 3761 quo

186 3779 281 3830 reditus
294 3796 323 3831 ex
336 3780 384 3832 illis
397 3781 532 3831 debuerunt
542 3797 595 3831 asse
608 3781 712 3844 collecti,
726 3787 751 3832 et
764 3797 807 3832 nos
820 3797 850 3833 ex
865 3783 900 3833 eia
911 3781 971 3832 nibil
984 3796 1127 3845 recepimus.
1140 3780 1213 3829 Porro
1225 3778 1254 3841 ai,

183 3861 255 3910 sicut
262 3861 407 3925 permultos
414 3861 511 3912 etbnnc
519 3863 634 3912 eumdem
643 3865 754 3912 cesenam
763 3863 1052 3928 legatumcoqncor'mns.
1059 3859 1181 3910 Arrenius
1191 3857 1254 3908 inde

184 3939 294 4005 aliquid
303 3940 413 4007 collegit,
423 3942 482 3992 lieet
490 3941 561 3992 66666
571 3941 673 4007 aliquid
681 3957 731 3992 non
745 3943 875 4006 dedederit,
888 3943 918 3993 de
927 3941 1052 4006 preteritis
1064 3940 1134 3990 annis
1147 3936 1255 4001 collegit,

184 4035 238 4070 non
259 4020 288 4070 66
311 4021 429 4071 laturis.»
443 4021 535 4074 Nicolai
553 4023 638 4087 Epist.
656 4023 692 4072 cd
708 4022 886 4074 Hludowicum
900 4035 984 4086 repam
1002 4020 1106 4084 (Migne,
1125 4025 1144 4069 t.
1167 4019 1254 4084 cxlx,

183 4101 416 4166 ep.156,p.tl'18).

220 4181 244 4230 3.
262 4181 300 4229 lta
322 4195 349 4230 ae
367 4196 492 4234 excusasse
507 4183 644 4245 arsenium,
658 4197 687 4233 ex
700 4181 800 4247 epistola
818 4179 910 4232 Nicolai
927 4179 1000 4230 citata
1018 4179 1042 4229 in
1061 4185 1119 4230 nota
1136 4180 1255 4245 superiore

184 4260 279 4310 inferre
290 4258 356 4312 licet.
