2954 5050
254 517 298 565 180
338 513 543 566 anastasll
566 511 754 561 lNGENlUbi
773 509 822 561 Ex
841 509 1044 562 epistolis
1065 509 1224 562 utconlu
1246 513 1257 563 l

253 667 474 748 opportunum
489 655 638 742 patribus
658 655 765 722 visum
783 662 854 721 erat
865 654 1083 741 patriarcham
1098 649 1321 743 Byzantinum

253 773 292 840 de
308 770 464 840 omnibus
483 769 546 837 illis
569 768 683 838 litibus
702 789 897 855 cognoscere
920 789 958 836 ac
969 767 1120 856 judicare
1139 788 1246 856 posse.
1269 767 1319 838 Er

253 890 312 956 hoc
331 887 435 974 igitur
457 884 587 953 decreto
608 905 676 952 non
693 886 799 952 solum
821 883 1003 972 augebatur
1017 877 1208 973 Byzantina
1230 884 1320 954 sedis

252 1001 439 1088 auctoritas,
460 1001 516 1070 sed
540 1001 639 1069 etiam
661 1001 831 1068 constabat
860 1020 928 1068 non
946 1019 1016 1067 esse
1036 1019 1152 1067 verum
1171 1001 1207 1068 id
1230 1001 1319 1088 quod

251 1118 385 1208 quidam
408 1117 651 1204 existimabant,
671 1137 710 1184 en
726 1115 804 1204 jure
823 1117 959 1203 antiquo
972 1125 1005 1183 et
1020 1116 1182 1184 constanti
1203 1135 1319 1186 causas

251 1255 474 1323 quascumque
488 1233 683 1321 episcopatos
697 1231 855 1300 Romanae
869 1231 938 1300 sedi
951 1251 1021 1299 esse
1034 1241 1226 1301 reservatas.

294 1348 370 1418 lam
387 1368 462 1417 vcro
488 1348 742 1416 Anastasianam
765 1347 936 1415 audaciam
959 1350 1074 1414 rurs'us
1099 1343 1316 1437 admiremur,

249 1463 370 1551 quippe
391 1461 448 1550 qui
469 1462 506 1529 in
532 1455 570 1529 eo
590 1462 661 1550 ipso
677 1467 810 1530 ‘canone
832 1461 1088 1531 chalcedonensi
1115 1463 1198 1529 nihil
1227 1463 1317 1532 aliud

245 1582 377 1670 jussum
392 1602 463 1650 esse
475 1580 680 1650 contenderit
694 1581 758 1649 nisi
775 1589 812 1649 ut
823 1581 863 1648 ad
876 1579 987 1650 sedem
998 1581 1185 1676 Romanam
1199 1597 1316 1650 omnes

174 1759 177 1764 .
250 1698 400 1780 omnium
416 1696 609 1764 clericorum
625 1717 732 1765 causae
747 1688 966 1766 deferrentur.
985 1697 1038 1763 Ad
1055 1695 1143 1784 quod
1154 1694 1317 1766 ‘demons-

250 1803 403 1880 trandum
415 1812 608 1881 incredibile
623 1821 672 1880 est
687 1811 809 1900 quibus
824 1811 983 1901 artificiis,
995 1831 1096 1900 quam
1106 1811 1230 1881 infelici
1242 1834 1318 1882 rer-

248 1930 368 1998 bomm
379 1929 580 1998 cavillatione
594 1951 674 1997 usus
690 1930 734 1998 sit
745 1930 768 1997 ¹.

292 2045 438 2132 Etenim,
469 2054 507 2113 ut
540 2043 627 2113 illius
653 2044 752 2112 verba
780 2044 816 2112 in
844 2043 980 2112 modum
1012 2044 1192 2132 syllogismi
1220 2041 1317 2114 adhi-

248 2138 398 2248 beamus,
414 2161 609 2228 Anastasius
622 2159 669 2227 ita
678 2168 927 2246 argumentatus
942 2168 990 2227 est
1008 2158 1074 2228 :ln
1087 2155 1214 2229 canone
1228 2181 1317 2230 nono

248 2275 378 2342 concilii
401 2273 675 2342 Chalcedonensis
698 2274 819 2341 dicitur
838 2294 952 2342 causas
979 2275 1171 2343 clerioomm
1189 2273 1230 2342 ad
1247 2275 1318 2363 pri·

248 2397 371 2457 matem
392 2388 659 2457 dioeceseos'esse
676 2387 902 2458 deferendas².
924 2388 1025 2478 Atqui
1044 2409 1082 2456 en
1101 2390 1202 2458 altera
1221 2399 1317 2478 parte

251 2502 432 2591 «primas»
456 2502 545 2571 idem
564 2513 658 2572 sonat
676 2513 774 2591 atque
798 2505 998 2593 «primus»,
1021 2524 1060 2572 ex
1082 2505 1182 2572 altera
1204 2514 1315 2574 autem

253 2619 501 2688 «diaeceseos»
531 2641 590 2708 pro
621 2619 829 2688 «dioeceseon
843 2642 878 2707 n,
908 2619 943 2687 id
968 2629 1029 2708 est,
1060 2617 1220 2688 numerus
1246 2621 1316 2690 sin·

247 2730 369 2824 gularis
398 2757 457 2823 pro
483 2736 600 2824 plurali
631 2744 820 2822 usurpatur.
857 2734 963 2823 Igitur
994 2735 1065 2823 jam
1096 2744 1224 2804 constat
1256 2733 1316 2824 pbr

248 2850 328 2920 illud
359 2851 527 2921 decretum
558 2850 687 2940 jussum
716 2870 787 2919 esse
813 2858 850 2917 ut
881 2851 923 2919 ad
951 2851 1099 2940 primum
1130 2851 1313 2920 dioeoeseon

248 2985 352 3034 cause
371 2966 564 3035 clericorum
584 2965 784 3034 deierantur.
806 2965 908 3033 Porro
933 2965 1008 3053 quis
1027 2975 1076 3034 est
1095 2965 1223 3054 primns
1240 2981 1315 3034 om-

248 3081 342 3147 nium
357 3079 537 3150 dioeceseon
556 3081 620 3149 nisi
640 3079 782 3168 pontifex
803 3080 994 3150 Romanus?
1014 3079 1100 3167 Ergo
1116 3100 1155 3148 ex
1175 3079 1313 3150 concilio

249 3194 503 3264 chalcedonensi
523 3196 634 3264 omnia
653 3196 804 3264 omnium
818 3195 943 3284 judicia
965 3195 1137 3265 adsedem
1157 3197 1314 3284 apostoli-

248 3331 320 3380 cam
333 3310 507 3398 pertinent.

279 3572 302 3619 l.
319 3567 417 3618 Rectius
428 3566 492 3616 idam
506 3567 604 3616 dixisset
613 3566 676 3632 quod
691 3567 846 3630 Hincmarus,
858 3581 974 3620 canonem
987 3581 1079 3618 nonum
1092 3565 1312 3619 chalcedonensem

248 3649 307 3699 olim
314 3647 449 3713 apostolica
458 3647 508 3698 sodi
518 3661 565 3696 non
574 3646 649 3698 luisse
659 3661 688 3696 er
698 3652 749 3697 toto
759 3648 887 3712 probatum
897 3648 1062 3713 (uflincmari
1071 3647 1310 3713 Opcsc.chapit.,

248 3744 270 3780 c.
284 3741 363 3793 xx111,
378 3739 454 3790 xxlv,
467 3727 560 3790 bligne,
574 3732 594 3776 t.
610 3726 721 3790 CXXVI,
735 3742 760 3792 p.
774 3730 830 3791 369,
841 3727 908 3791 375).
919 3729 952 3778 dt
962 3729 1076 3793 quoniam
1086 3727 1140 3777 libri
1154 3741 1272 3777 canonum
1286 3729 1312 3778 in

246 3809 346 3860 ecclesia
355 3810 462 3860 Romana
473 3806 562 3872 recepti
572 3804 631 3856 illud
640 3805 764 3856 decretum
776 3807 897 3870 integrum
907 3803 1045 3857 referebant
1056 3811 1090 3870 (r.
1103 3807 1211 3873 Dionysii
1223 3807 1311 3870 Exigui

248 3888 367 3940 Codiccm
381 3903 516 3952 cononum,
524 3887 615 3950 lligne,
625 3893 645 3937 t.
656 3886 756 3951 txvu,
768 3903 792 3952 p.
804 3888 868 3952 173),
882 3887 906 3936 id
915 3887 1057 3938 Anastasius
1072 3888 1171 3962 rejicere
1182 3901 1230 3938 non
1238 3901 1311 3938 ausus

247 3974 292 4030 est,
306 3969 348 4020 scd
358 3969 388 4020 ad
400 3984 450 4020 rem
462 3984 529 4020 suam
542 3968 637 4018 trahere
651 3966 814 4031 detorquendo
828 3968 922 4018 maluit.

277 4050 303 4098 2.
319 4050 346 4097 ln
360 4049 534 4115 exemplaribus
554 4047 635 4098 latinis
651 4045 711 4098 illud
732 4061 838 4108 grecum
853 4048 973 4114 «ἔξαρχον
980 4047 1023 4109 τῆς
1031 4048 1173 4107 διοικήσεως
1183 4066 1195 4094 ι
1205 4047 1309 4097 transla-

248 4132 300 4176 tum
311 4136 362 4177 erat
371 4129 396 4178 in
407 4147 419 4176 ι
429 4130 558 4194 primatem
567 4128 717 4179 dioceseos»
729 4126 772 4191 (cl.
785 4127 855 4190 infra,
866 4130 956 4193 pllfl2,
969 4142 993 4179 n.
1004 4128 1038 4192 l).
1048 4127 1096 4178 Sed
1107 4128 1152 4178 hoc
1161 4141 1256 4192 nomen,
1264 4127 1309 4177 etsi

246 4205 346 4256 tortasse
358 4222 437 4258 rema
456 4211 544 4260 Graecis
559 4209 675 4274 episcopis
690 4207 851 4269 excogitatam
866 4223 914 4257 non
927 4207 1068 4273 planissime
1081 4207 1202 4272 redderet,
1220 4206 1310 4256 nullam

246 4292 326 4336 tamm
350 4285 454 4336 habebat
474 4289 668 4354 ambiguitatem,
692 4304 748 4339 cum
768 4287 825 4338 satis
846 4294 967 4339 constaret
993 4287 1052 4352 quid
1074 4287 1164 4354 primas
1182 4287 1310 4338 dioceseos

246 4366 402 4430 significaret,
413 4372 439 4416 at
452 4367 537 4419 saltem
551 4385 599 4420 non
612 4370 676 4421 idem
685 4384 769 4421 sonare
782 4369 846 4434 quod
856 4370 977 4420 Romanus
990 4367 1105 4433 pontifex.
