2954 5050
534 444 710 496 FORTUNA
734 443 853 496 VARlA
1179 445 1223 495 221

161 594 258 674 atque
272 583 518 673 Thentgaudus,
542 585 745 655 Hlotbariani
762 584 891 654 divortii
909 584 1065 672 fautores,
1080 582 1121 653 ad
1141 605 1224 674 quos

160 703 377 772 restituendos
394 703 463 790 ipse
480 701 689 772 Hiudowicus
705 723 780 772 cum
795 723 893 771 uxore
909 701 1048 770 Romam
1062 701 1224 770 hostiliter

158 817 327 904 ingressus
342 819 421 889 est¹.
440 818 612 906 Praeterea,
629 819 688 888 etsi
704 817 912 887 Hludowicus
931 817 1114 901 Hlothario,
1130 815 1222 886 fratri

160 954 233 1023 suo,
245 935 281 1002 in
291 935 498 1004 contentione
510 935 565 1003 ilia
578 955 650 1023 quae
664 934 740 1003 huic
752 955 829 1003 eum
842 932 974 1004 Nicoiao
986 943 1116 1023 propter
1126 954 1224 1022 repu-

159 1048 284 1118 diatam
314 1072 449 1121 uxorem
478 1051 710 1140 Tbietbergam
742 1050 865 1137 iuerat,
897 1050 1046 1119 nondum
1081 1051 1223 1139 apertius

159 1162 303 1254 favisset,
321 1175 442 1250 tamen,
458 1165 664 1254 Eugeiberga
678 1166 773 1254 duce,
793 1165 899 1254 magis
914 1165 954 1234 ad
973 1163 1224 1254 gratificandum

159 1301 261 1370 quam
273 1282 314 1351 ad
327 1284 579 1370 repugnandum
595 1283 753 1351 inclinare
769 1279 972 1351 videbatur².

203 1397 329 1487 Itaque,
355 1408 393 1468 ut
414 1400 559 1488 primum
585 1397 736 1468 Nicotaus
758 1396 852 1468 evita
878 1406 1071 1486 excesserat,
1094 1397 1150 1486 qui
1167 1406 1224 1466 aut
1263 1423 1265 1430 ·

159 1515 296 1584 amissos
308 1517 445 1584 honores
460 1514 698 1604 desiderabant,
722 1523 777 1584 aut
792 1536 863 1585 rem
878 1535 972 1584 suam
994 1516 1079 1583 male
1096 1512 1224 1602 judica·

159 1641 228 1698 tam
239 1632 472 1719 querebantur,
485 1632 508 1699 ii
520 1632 628 1700 statim
641 1633 683 1700 ad
697 1631 815 1700 auxilia
829 1630 1038 1718 imperatoria
1050 1650 1223 1699 concurre-

158 1757 250 1835 runt,
268 1748 295 1816 si
309 1747 390 1817 forte
405 1748 614 1818 Hiudowicus
636 1770 758 1818 novum
781 1767 899 1837 papam
919 1746 959 1818 ad
978 1746 1150 1816 mutandas
1165 1745 1223 1814 Ni·

158 1864 240 1932 colai
262 1864 439 1934 sententias
463 1863 623 1936 adducere
644 1861 792 1935 vaieret³.

157 2069 267 2131 concilio,
281 2075 306 2120 et
319 2069 377 2134 quia
389 2070 492 2136 synodus
512 2086 559 2123 non
570 2085 663 2137 apapa,
676 2070 719 2122 sed
729 2070 760 2122 ab
774 2071 918 2137 imperatore
936 2068 1016 2120 vacari
1026 2068 1126 2120 deberet
1135 2085 1160 2134 u,
1174 2074 1221 2120 eto.

158 2151 250 2213 (Pertz,
263 2151 320 2214 SS.,
331 2156 349 2201 t.
364 2153 407 2212 ΙΙΙ,
422 2167 447 2216 p.
463 2151 528 2216 tat.)

189 2236 212 2282 t.
232 2232 263 2281 V.
277 2232 399 2282 Hincmari
409 2232 530 2295 Annales,
544 2248 567 2283 a.
582 2219 627 2284 8'64
643 2233 732 2296 (Perta,
742 2234 763 2297 Ι,
774 2234 867 2298 tat-5),
882 2232 906 2282 in
921 2232 1009 2299 quibus
1023 2229 1143 2282 interulis
1153 2230 1223 2297 plura

156 2311 210 2362 baeo
224 2318 288 2374 sunt,
303 2327 357 2377 quae
371 2313 547 2376 angelbergam
561 2320 708 2379 ,presentem
727 2329 755 2364 ao
775 2314 846 2365 rebus
864 2329 916 2364 sese
934 2314 1124 2379 interponentem
1141 2319 1222 2364 osten-

156 2392 217 2442 dunt
233 2409 239 2442 :
254 2410 269 2442 u
328 2394 457 2458 imperator
476 2394 544 2444 febre
563 2395 699 2460 corripitur.
714 2396 864 2460 Quapropter
884 2396 1012 2458 conjugem
1023 2393 1222 2461 adapostolicam

156 2473 241 2537 mittit,
253 2476 322 2538 cujus
335 2474 390 2524 iidei
403 2475 509 2538 jussione
533 2475 676 2540 apostolicus
690 2474 720 2524 ad
735 2475 902 2540 imperatorem
916 2476 991 2540 uenit,
1004 2482 1029 2526 et
1043 2475 1126 2527 habita
1139 2483 1222 2527 mutua

155 2555 361 2616 sermocinatione,
376 2555 438 2605 sicut
454 2555 516 2606 inter
532 2571 572 2606 eos
588 2556 707 2617 convenit,
723 2555 866 2622 apostolicus
885 2558 987 2608 Romam
1007 2556 1037 2606 ad
1059 2558 1221 2608 Lateranense

154 2633 273 2698 palatium
287 2633 359 2684 rediit
373 2652 387 2683 o
402 2634 491 2700 (ibid).
505 2637 574 2685 Hauc
590 2636 662 2685 etiam
678 2635 758 2686 Romae
772 2637 883 2701 sedisque
895 2636 1030 2702 apostolice
1044 2637 1221 2702 oppressionem

154 2720 294 2778 persecutus
305 2722 342 2764 est
355 2715 458 2780 scriptor
469 2715 532 2768 Vite
545 2713 636 2766 Nicolai
649 2718 670 2780 i,
683 2716 726 2766 aad
745 2716 802 2767 dum
821 2717 960 2779 indignatur
980 2730 1064 2766 eorum
1087 2718 1220 2782 procacita-

154 2799 205 2844 tem
216 2795 257 2859 qui
272 2810 328 2845 cum
342 2795 485 2859 imperatore
506 2801 583 2859 erant,
596 2796 626 2846 de
641 2797 767 2861 presentia
780 2803 852 2862 atque
865 2797 952 2847 auxilio
966 2796 1116 2862 imperatoris
1130 2797 1221 2847 cautis-

155 2875 216 2926 sime
231 2876 335 2930 reticuit.
350 2877 382 2926 V.
402 2876 486 2927 Vitam
499 2875 611 2942 Nicolci,
625 2891 646 2927 o.
663 2889 689 2941 a,
701 2891 725 2942 p.
741 2879 856 2929 aas-200.

185 2959 210 3007 2.
228 2955 369 3020 Waldrada,
384 2963 484 3007 exeunte
497 2972 520 3009 a.
536 2959 590 3018 865,
605 2972 633 3007 er
648 2957 717 3008 ltalia
728 2958 753 3006 in
771 2959 892 3008 Franciam
908 2956 938 3008 ad
951 2956 1101 3009 Hlotharium
1117 2956 1222 3008 redierat

155 3037 189 3102 (v.
204 3051 285 3102 supra,
300 3053 323 3102 p.
340 3041 379 3102 95,
397 3053 421 3088 n.
441 3037 477 3103 t);
498 3053 551 3102 quae
565 3038 632 3101 iuga,
651 3039 696 3088 nisi
711 3038 849 3089 illudowico
864 3039 1001 3106 imperatori
1015 3038 1114 3105 probata
1126 3039 1220 3103 inisset,

155 3132 202 3188 non
218 3118 287 3168 rideo
300 3133 348 3182 quo
363 3125 431 3183 pacto
445 3118 561 3183 potuisset
572 3118 708 3169 succedere.
720 3121 751 3170 Et
766 3119 811 3169 boc
829 3121 857 3169 iit
872 3121 922 3170 veri
941 3119 1042 3170 similius
1060 3118 1124 3185 quod
1134 3118 1220 3168 deinde

155 3198 309 3250 Hludouicus
323 3201 385 3264 apud
402 3200 551 3250 Hadrianum
565 3215 652 3265 papam
668 3201 771 3251 maxime
787 3200 914 3262 laborauit,
932 3209 960 3252 ut
978 3201 1115 3254 waldrada
1140 3198 1220 3250 indui-

155 3281 262 3342 gentiam
279 3279 502 3345 absolutionemque
522 3281 772 3332 ercommunicationis
785 3282 913 3332 obtineret.
932 3284 964 3334 V.
985 3282 1055 3344 inira,
1076 3295 1100 3346 p.
1118 3283 1178 3342 2323
1197 3284 1221 3329 et

154 3360 271 3411 Hadrieu
286 3362 313 3411 H
324 3363 348 3420 et
363 3361 399 3411 les
410 3361 510 3425 fcusses
521 3361 670 3425 decretales,
681 3377 706 3426 p.
718 3365 759 3422 50,
774 3362 814 3412 ubi
827 3362 982 3412 ostendebam
994 3362 1051 3412 clim
1066 3377 1126 3427 quas
1142 3365 1221 3425 partes
1247 3371 1250 3377 ·

153 3440 178 3490 in
189 3440 312 3506 iiia'quasi
327 3440 442 3503 tragoedia
456 3439 607 3504 Engelberga
628 3443 713 3505 egerit.
730 3443 780 3492 Nec
792 3450 829 3492 est
850 3443 1038 3493 obliviscendum
1054 3442 1220 3492 Hludouicum

153 3520 324 3586 imperatorem
337 3537 394 3572 cum
403 3519 529 3572 Hlothario
543 3522 616 3572 fratre
629 3529 749 3587 pacemct
761 3524 913 3574 concordiam
922 3538 1062 3574 conservare
1073 3522 1183 3586 voluisse,
1192 3527 1221 3572 ut

152 3603 224 3652 ambo
238 3603 358 3666 conjuncti
374 3601 459 3652 carolo
469 3602 542 3653 Calvo
552 3618 652 3665 regnum
667 3603 796 3654 Provincia
809 3606 931 3671 appetenti
943 3604 1035 3654 firmius
1048 3608 1219 3668 repugnarent.

184 3687 209 3736 3.
227 3685 297 3744 Quod
311 3683 408 3749 quidem
422 3685 570 3749 Anastasius,
592 3685 617 3735 in
638 3686 738 3750 epistola
756 3686 786 3736 ad
800 3687 918 3751 Adonem,
936 3687 1055 3752 professus
1069 3689 1115 3747 est,
1130 3683 1172 3734 sed
1186 3685 1220 3734 ita

153 3771 235 3816 tamam
254 3771 281 3814 ut
299 3765 329 3814 ab
344 3765 488 3830 imperatore
507 3766 623 3816 inuidiam
637 3766 694 3816 facti
714 3766 847 3832 prudenter
858 3767 997 3831 depelleret.
1010 3768 1073 3816 Nam
1091 3769 1219 3831 postquam

151 3845 263 3912 exposuit
274 3860 327 3910 quaa
341 3844 447 3910 consilia,
471 3854 524 3910 post
539 3855 641 3897 mortem
655 3847 755 3912 Nimim,
770 3849 822 3912 ejus
836 3848 925 3897 inimici
944 3852 1073 3910 struerent,
1089 3845 1123 3894 sic
1137 3858 1218 3910 prosa·

152 3927 236 3992 quitur
246 3939 253 3976 ι
263 3943 276 3974 (ι
285 3927 392 3986 Quorum
403 3934 502 3976 conatus
512 3927 599 3977 idcirco
609 3927 715 3979 creditur
723 3928 753 3978 ad
765 3929 877 3978 effectum
891 3927 980 3991 venire,
996 3927 1053 3991 quia
1067 3926 1219 3992 imperatoris

152 4023 207 4058 curn
221 4007 260 4056 bis
272 4022 357 4056 manns
370 4022 430 4070 esse,
446 4007 516 4072 sclao
526 4009 699 4071 uteredimus,
712 4009 831 4058 dicitur.»
846 4009 950 4071 (trigae,
965 4012 983 4056 ι.
1000 4007 1108 4069 CXXIX,
1123 4022 1148 4070 p.
1163 4007 1218 4071 742,

151 4093 177 4139 et
188 4088 250 4137 inira
263 4087 286 4136 in
301 4088 440 4152 Appendices
452 4088 483 4153 I.)
498 4088 566 4138 Istud
580 4104 635 4140 sero
650 4107 662 4138 ι
675 4089 733 4139 falso
750 4095 777 4138 ut
793 4089 912 4138 credimus
921 4107 945 4149 n,
961 4091 1041 4136 utrum
1051 4102 1080 4136 ex
1094 4087 1173 4137 animo
1188 4101 1218 4137 an

152 4183 180 4218 ex
195 4166 313 4219 industria
329 4167 420 4218 dictum
438 4169 477 4230 sit,
499 4168 559 4218 alius
578 4170 686 4233 ejusdem
700 4169 806 4235 epistole
825 4168 890 4218 locus
909 4174 1121 4229 argumentosam
1140 4173 1219 4232 potest

153 4250 187 4314 (v.
203 4248 278 4309 infra,
294 4263 318 4313 p.
329 4249 395 4312 229).
414 4251 495 4314 Atque
513 4248 563 4299 baec
582 4250 655 4300 etiam
676 4250 791 4300 industria
806 4249 830 4298 in
848 4248 907 4301 Vita
920 4246 1036 4298 Hadriani
1052 4250 1074 4300 li
1089 4249 1216 4313 reperitur,

154 4331 222 4394 cujus
248 4330 357 4395 scriptor,
382 4330 407 4379 in
433 4331 478 4381 boc
500 4330 586 4383 saltem
608 4331 717 4398 scriptori
741 4331 804 4382 Vitae
830 4329 923 4382 Nicoiai
950 4331 961 4381 1
985 4331 1070 4383 similis
1096 4331 1217 4398 (eumdem
