2954 5050
510 447 687 500 FORTUNA
708 446 826 500 VdeA
1151 447 1197 498 266

135 590 340 669 Francorum
362 591 620 662 Occidentalium
635 593 833 662 voluntatem
849 611 940 680 pape
961 588 1195 662 inculcarent¹.

135 707 182 774 At
202 709 270 775 haec
291 708 410 794 legatio
430 727 507 776 cum
528 707 564 774 in
583 707 705 776 Villam
725 704 916 794 Gundulphi
937 705 1101 794 pervenit,
1125 712 1198 793 post

140 821 201 890 VII
208 821 283 891 idus
295 820 450 892 Octobres
459 821 486 910 ²,
501 821 634 890 Carolus
645 822 774 906 Calvus,
786 842 886 910 quem
895 841 1001 909 nuper
1014 822 1197 908 complures

136 939 277 1025 episcopi
297 938 334 1007 in
359 940 487 1008 civitate
514 939 689 1009 Mettorum
712 935 948 1024 sacraverant³,
973 937 1044 1025 jam
1072 945 1197 1026 partem

136 1050 343 1124 Hlothariani
354 1056 448 1144 regni
465 1055 638 1124 inditione
655 1075 714 1122 sua
736 1051 879 1123 tenebat.
899 1052 1006 1133 Quam
1020 1052 1199 1141 possessio·

136 1191 215 1239 nem
230 1170 354 1260 justam
375 1194 446 1243 esse
469 1173 609 1261 dicebat,
633 1171 721 1261 quod
743 1170 822 1238 olim
842 1191 861 1236 a
879 1167 1070 1240 Hludcwico
1091 1179 1195 1258 patre,

135 1289 416 1358 consentientibus
425 1291 523 1358 totius
537 1289 668 1379 imperii
677 1285 868 1376 proceribus
879 1285 1090 1374 etepiscopis,
1101 1294 1197 1371 atque

134 1402 206 1491 ipso
220 1404 388 1474 Hlothario
399 1405 633 1494 jusjurandum
648 1404 689 1473 ad
707 1404 755 1472 rei
769 1404 997 1476 testimonium
1015 1422 1199 1473 accommo-

136 1517 247 1606 dante,
264 1519 327 1588 sibi
348 1522 416 1590 haee
430 1541 505 1608 pars
522 1519 616 1609 regni
630 1518 705 1588 data
720 1516 869 1588 luisset⁴.
886 1517 976 1586 Nihil
994 1517 1096 1605 igitur
1110 1516 1197 1586 aliud

135 1635 234 1721 legati
254 1635 417 1722 apostolici
437 1644 609 1726 potuerant
631 1635 694 1704 nisi
716 1655 788 1704 rem
808 1633 938 1720 factam,
962 1634 1099 1702 ineunte
1113 1653 1200 1702 anno

136 1751 215 1837 870,
231 1749 397 1819 Hadriano
411 1772 501 1839 papa
527 1750 665 1839 referre3
691 1749 748 1838 qui
772 1758 845 1818 tum
868 1748 1012 1818 absentis
1033 1746 1199 1818 Anastasii

135 1863 381 1952 importunitate
404 1866 642 1955 calliditatequc
665 1866 750 1934 liber
771 1885 808 1934 ac
825 1883 883 1953 per
903 1884 939 1934 se
958 1863 1198 1952 pacatissimus,

135 1981 316 2067 prudenter
343 1981 545 2051 abstinuerat
572 1981 653 2070 quin
684 2001 719 2050 se
748 1979 797 2050 rei
827 1989 895 2050 tam
922 1977 1043 2050 difficili
1067 1987 1199 2066 tamque

135 2097 324 2183 periculosa
341 2119 455 2166 rursus
473 2099 703 2168 committeret.

181 2210 312 2301 Optima
330 2213 433 2300 igitur
445 2213 686 2303 opportunitate
700 2213 828 2284 redibat
843 2211 1003 2301 impulsor
1014 2210 1070 2280 ille
1085 2218 1200 2298 poten·

134 2327 295 2416 tissimus,
311 2329 367 2417 qui
382 2328 527 2398 studium
548 2329 710 2416 pontilicis
728 2329 895 2417 excitaret,
910 2336 967 2396 aut
988 2329 1102 2396 saltem
1123 2345 1200 2395 suas

134 2447 282 2533 proprias
306 2447 486 2516 voluntates
518 2445 652 2517 nomina
683 2445 852 2534 jussorum
888 2443 1054 2534 papalium
1090 2453 1200 2531 tegere

135 2571 256 2648 posset.

180 2677 226 2748 Ut
239 2677 329 2748 enim
343 2677 484 2748 Romam
497 2677 595 2750 rediit
608 2698 721 2750 recens
735 2678 789 2747 ille
805 2677 846 2748 ab
861 2675 1067 2766 imperatoris
1081 2684 1114 2746 et
1129 2674 1199 2744 En·

134 2791 298 2880 gelbergae
310 2792 491 2883 blanditiis,
506 2794 627 2882 incepit
640 2795 693 2863 illa
707 2783 983 2881 sedisapostolicae
996 2812 1072 2860 cum
1085 2789 1199 2858 Carolo

136 2903 233 2978 Calvo
246 2907 461 2978 famosissima
477 2911 653 2997 contentio,
669 2929 741 2998 quae
753 2908 865 2977 multis
879 2906 1104 2998 scriptoribus,
1121 2905 1199 2993 quia

133 3117 175 3178 22,
186 3115 227 3178 23,
241 3128 267 3178 p.
283 3115 426 3167 leel-1297.
446 3115 485 3165 el.
504 3114 626 3165 Hincmari
640 3112 761 3178 Annales,
780 3111 851 3176 ibid,
872 3117 897 3163 et
915 3109 1039 3162 Hincmari
1057 3107 1141 3174 Epist.
1162 3106 1199 3158 ad

133 3195 300 3246 Hadrianum
313 3195 341 3245 H
353 3195 454 3260 (iligna,
469 3199 488 3244 t.
500 3196 609 3259 CXXVI,
624 3210 649 3260 p.
664 3196 708 3246 1¹16
723 3193 764 3258 Α).

167 3277 190 3325 1.
206 3275 262 3325 Jam
277 3275 380 3339 scriptor
390 3275 536 3340 pontificius,
549 3274 690 3325 Anastasius
702 3273 821 3337 videlidet,
836 3272 949 3324 Catulum
963 3271 1060 3324 Calvum
1074 3271 1109 3321 sic
1120 3271 1199 3320 mina-

133 3354 195 3426 citer
207 3359 298 3405 torrere
313 3360 464 3406 tentaverat:
482 3369 496 3404 a
510 3354 622 3420 Alioquin
635 3366 734 3404 manum
748 3353 883 3419 apostolica
899 3353 962 3404 sedis
974 3351 1126 3404 comendam
1140 3351 1199 3416 piis·

133 3433 197 3485 simo
210 3435 318 3499 principe
335 3435 484 3500 (illudowico
498 3433 651 3499 imperatore)
666 3434 759 3486 fortiter
773 3449 826 3485 esso
839 3433 979 3498 comperiat,
997 3439 1023 3484 at
1040 3446 1106 3482 arma
1118 3436 1201 3481 nostra

133 3512 169 3563 illi
184 3514 333 3564 munimenta
345 3514 493 3565 validissima
502 3515 656 3576 conferentia,
678 3528 772 3564 summo
790 3514 936 3576 agonotheta
953 3513 1023 3563 nobis
1036 3517 1200 3572 concertante,

133 3599 160 3644 et
170 3594 298 3645 beatorum
310 3586 472 3660 apostolorum
483 3595 651 3646 intercessione
669 3600 820 3659 cooperante,
833 3600 965 3660 praeparata
978 3594 1031 3644 sine
1050 3591 1200 3642 cunctatione

132 3679 305 3738 praenoscat.»
333 3675 448 3728 Hadriani
469 3677 491 3727 ll
512 3675 596 3742 Epist.
619 3675 655 3725 od
671 3689 789 3740 proceres
805 3676 879 3740 repat
896 3674 985 3727 Caroli
1006 3672 1078 3726 Calvi
1097 3671 1199 3738 (iligna,

132 3758 153 3804 t.
170 3755 309 3820 cxxl1,p.
325 3755 406 3820 1292).

164 3839 191 3886 2.
207 3835 240 3884 V.
253 3834 376 3884 Hincmari
387 3833 507 3899 Annaea,
519 3850 542 3886 a.
556 3838 601 3888 869
615 3835 705 3901 (Perta,
719 3836 741 3899 1,
755 3836 820 3900 i86).

165 3917 190 3965 9.
207 3915 253 3964 Die
266 3917 280 3964 9
294 3916 383 3965 mensis
397 3915 545 3980 Septembris
565 3931 588 3965 a.
612 3918 667 3967 869.
686 3916 741 3976 Qua
764 3915 788 3964 in
805 3930 830 3965 rc
846 3914 936 3980 priores
959 3919 1040 3978 partes
1064 3911 1201 3962 habuerunt

132 3994 269 4046 Adsentius
282 3994 404 4046 liettensis
414 3997 539 4061 episcopus
552 4003 624 4062 atque
638 3997 782 4048 Hincmarus
794 3995 928 4046 blemensis.
942 3994 975 4044 V.
987 3994 1077 4044 Korolt'
1087 3992 1115 4044 ΙΙ
1127 4005 1200 4042 coro·

133 4077 265 4126 nationem
279 4075 305 4126 irc
318 4090 397 4141 repro
420 4075 550 4128 chtborii
568 4077 655 4140 (Pertz,
670 4077 754 4142 Lepas,
774 4077 830 4137 tl,
850 4089 876 4140 p.
891 4074 1014 4138 612613),
1033 4080 1059 4124 et
1078 4071 1201 4124 Hincmari

132 4155 256 4218 Annales,
268 4171 290 4206 a.
305 4158 352 4207 869
367 4156 456 4221 (Perta,
467 4157 525 4221 SS„
536 4162 556 4206 t.
566 4157 587 4221 1,
599 4173 625 4222 p.
640 4155 765 4219 tae-485).

165 4237 190 4288 4.
208 4236 239 4289 V.
260 4236 384 4288 Hincmari
403 4236 486 4302 Epist.
509 4237 546 4288 od
564 4237 725 4290 Hadnbnum
747 4237 773 4286 ll
793 4233 897 4300 (uisne,
917 4239 939 4285 t.
961 4234 1072 4299 CXXVI,
1095 4248 1136 4300 ep.
1159 4235 1200 4298 21,

133 4330 159 4380 p.
175 4317 221 4367 ll'l
234 4314 276 4379 A).
