2954 5050
214 426 261 475 182
300 421 499 475 ANASTASli
522 422 711 474 INGENtUM
733 421 779 472 EX
801 421 998 474 nstssosss
1021 423 1179 474 Nicone!
1203 424 1211 472 Ι

215 579 327 655 agene,
351 549 464 640 mdern
484 565 620 634 omnino
640 565 749 650 verba,
769 565 982 653 eamdemque
1008 567 1294 636 enuntiationem

214 681 443 771 disjunctivam
457 689 668 768 usurpaverat
681 681 704 748 ¹.

259 799 321 867 Vir
336 797 437 885 igitur
454 797 578 885 concipi
598 806 781 886 potestque
802 805 897 884 pacto
909 797 1060 868 Nicotaus
1082 801 1166 868 hanc
1182 798 1295 866 Ana-

216 912 304 984 stasii
326 912 628 1001 interpretationem
644 912 812 1000 probatam
826 923 995 1002 ratamque
1009 914 1170 983 habuerit.
1188 914 1291 996 Qua·

214 1037 345 1116 propter
358 1028 524 1096 nonnullis
543 1027 678 1096 tortasse
696 1027 858 1096 videbitur
878 1029 987 1116 ipsum
1002 1029 1188 1117 pontificem
1204 1030 1288 1118 ejus

216 1142 334 1214 erroris
368 1143 468 1214 tuisse
505 1142 675 1211 conscium
689 1141 714 1214 ².
743 1143 824 1211 Mihi
859 1164 934 1213 vero
965 1144 1047 1213 iilud
1076 1145 1284 1230 recordanti,

253 1378 277 1426 i.
303 1383 420 1425 coucrnu
439 1383 677 1424 cnsncnnorvnnsrs

366 1464 453 1504 csuorv
471 1463 573 1504 uentis,

796 1399 798 1402 ·
831 1385 971 1424 snassssu
992 1385 1215 1427 lnnsnrnnrfflo.

802 1487 851 1537 Sed
878 1502 908 1536 ne
927 1487 978 1538 sine
1002 1489 1143 1539 anctoritate
1164 1490 1279 1540 mnonioa

246 1571 272 1622 Si
288 1569 343 1635 quis
360 1567 460 1618 clericus
477 1567 591 1618 adversus
608 1565 722 1618 clericum
770 1567 902 1633 quidquam
922 1571 1034 1635 prosequi
1056 1570 1188 1634 videamur,
1213 1585 1279 1620 nunc

217 1649 290 1699 habet
304 1648 436 1711 negotium,
453 1663 501 1697 non
518 1647 612 1697 deserto
629 1647 721 1712 episco-
770 1649 969 1700 Chalcedonensis
983 1650 1076 1701 concilii
1092 1651 1227 1701 sanctiones
1245 1651 1279 1700 ed

217 1745 275 1794 pum
289 1730 412 1795 proprium
426 1743 433 1778 :
449 1728 490 1778 sed
505 1728 570 1792 prius
585 1727 648 1777 actio
661 1742 721 1777 ven·
771 1730 910 1780 memoriam
922 1731 1073 1796 reducamus,
1080 1747 1133 1796 que
1147 1733 1181 1782 ite
1194 1732 1279 1782 decer-

216 1811 298 1861 tiietnr
311 1809 374 1875 apud
388 1809 524 1874 episcopum
538 1807 671 1872 proprium,
683 1807 721 1858 vel
770 1817 831 1858 nunt
846 1824 853 1859 τ
869 1811 1007 1861 siclericus
1027 1812 1101 1862 habet
1120 1827 1218 1862 eanum
1236 1812 1280 1861 ad·

215 1898 280 1942 certe
294 1889 392 1941 consilio
407 1889 515 1952 ejusdem
530 1888 643 1953 episcopi,
658 1888 721 1952 apud
770 1903 851 1940 versus
862 1891 1279 1956 episcopumproprium‚veladver-

216 1986 276 2036 qnos
295 1977 401 2036 utruque
415 1976 495 2036 partes
511 1967 637 2032 voluerint,
653 1969 721 2031 judi·
771 1983 810 2018 sos
824 1969 936 2036 alterum,
949 1971 1013 2036 apud
1023 1972 1143 2036 synodum
1152 1972 1279 2037 provinciae

217 2051 281 2102 cium
303 2051 470 2103 continebunt.
500 2049 527 2100 Si
559 2048 613 2113 quis
641 2055 722 2099 evitem
768 2049 902 2112 judicetur;
919 2051 982 2115 quod
1001 2051 1020 2100 si
1041 2051 1154 2102 adversm
1170 2054 1277 2116 ejusdem

217 2139 303 2196 preter
325 2132 375 2182 hec
403 2131 495 2196 iecerit,
523 2130 643 2181 canonicis
668 2144 721 2178 cor-

217 2213 362 2278 reptionibus
382 2212 525 2276 subjacebit.
545 2210 615 2270 Quod
634 2210 653 2260 si
672 2209 722 2260 cle·

216 2293 279 2343 ricus
297 2293 370 2343 habet
387 2306 487 2340 oausam
500 2290 613 2340 adversus
623 2289 722 2354 episco-

217 2387 274 2436 pum
288 2373 424 2436 proprium,
438 2370 474 2419 vel
486 2370 598 2420 adversus
611 2371 723 2433 aiterum,

216 2451 280 2514 apud
302 2450 418 2516 synodum
440 2449 566 2513 provincio
591 2450 722 2514 judicetur.

218 2530 291 2593 Onod
305 2530 328 2579 si
351 2529 473 2580 adoneus
489 2529 605 2594 ejusdem
621 2518 722 2594 procin-

217 2612 262 2660 cioe
285 2609 510 2674 metropolitanum
530 2602 660 2676 episcopua
685 2611 726 2661 vet

218 2690 323 2740 clericas
338 2687 413 2740 hebet
430 2689 568 2754 querelam,
582 2691 654 2754 petat
666 2691 722 2754 pri·

218 2761 312 2820 dautem
327 2769 469 2832 dioeceseos,
491 2772 536 2820 unt
547 2769 631 2820 aedem
645 2771 724 2834 repioe

218 2849 288 2900 urbis
303 2849 600 2915 Constantinopolitano,
617 2853 643 2900 et
654 2851 724 2915 opud

218 2930 301 2994 ipsum
310 2931 455 2994 judicetur.

249 3010 294 3071 (Ex
321 3010 410 3062 Codice
434 3026 551 3061 cationum
574 3027 588 3060 a
609 3011 724 3076 Dionysio

220 3089 311 3150 Exiguo
325 3098 457 3155 compacto,
477 3107 516 3156 ap.
533 3092 627 3156 Migne,
642 3095 670 3145 Ρ.
684 3093 722 3156 L,

219 3175 237 3219 t.
254 3169 388 3233 LXV11,p.
404 3171 469 3235 17³.)

770 2130 896 2194 provincio
913 2131 1123 2195 metropolitanum
1149 2133 1280 2196 episcopus

770 2209 808 2258 vel
834 2210 935 2260 ctericus
959 2211 1033 2261 habet
1057 2211 1189 2275 querelam,
1212 2216 1281 2276 petat

770 2290 898 2354 primatem
920 2290 1056 2351 direceseos,
1077 2297 1117 2341 aut
1136 2291 1218 2342 sedern
1237 2306 1277 2342 ro·

771 2370 818 2431 giso
851 2370 918 2419 urbis
942 2371 1217 2436 Constantinopolitanae.
1252 2373 1276 2422 tn

772 2464 819 2514 quo
833 2449 872 2499 hic
885 2456 954 2500 tenor
971 2451 1131 2500 observandus
1149 2457 1196 2513 est,
1213 2457 1241 2501 nt
1259 2451 1277 2500 si

771 2528 883 2580 videlicet
905 2529 1006 2580 clericus
1025 2536 1067 2580 aut
1088 2531 1215 2596 episcopus
1233 2531 1277 2581 ad·

771 2624 853 2658 versus
884 2609 1094 2674 metropolitanum
1117 2611 1191 2661 habet
1218 2626 1278 2676 qne-

773 2688 855 2751 retam,
879 2696 904 2739 et
924 2695 990 2739 tante
1006 2697 1106 2751 urgetur
1127 2691 1277 2750 necessitate,

772 2769 810 2818 vel
823 2770 842 2818 si
854 2769 899 2819 hoo
909 2784 981 2833 grave
991 2785 1039 2821 non
1053 2771 1122 2832 terat,
1132 2771 1279 2836 ubicumque

773 2849 1278 2916 aitpositus,primatemdioecessospetat;

774 2931 844 2995 quod
852 2931 875 2979 ai
880 2931 963 2995 jueta
972 2931 1278 2997 Constantinopolitunum

774 3009 861 3058 nedem
875 3012 1011 3076 qnisquam
1021 3027 1107 3063 eorum
1117 3013 1278 3069 constitutus,

773 3095 799 3139 ct
814 3091 886 3140 sotius
913 3091 1020 3156 praesulis
1038 3093 1090 3155 ejus
1109 3091 1201 3156 iudicio
1222 3091 1281 3140 vetit

773 3186 826 3220 esse
837 3179 970 3236 contentus,
985 3177 1051 3238 petat
1064 3171 1175 3223 eamdem
1188 3172 1280 3233 regiam

775 3251 867 3302 urbem.
892 3253 954 3304 Cum
979 3253 1046 3303 enim
1072 3253 1171 3302 dixisset
1190 3266 1197 3301 ε
1216 3257 1282 3317 petat

766 3341 769 3345 '
774 3333 901 3396 primatem
919 3334 1056 3398 dioeceseos,
1066 3337 1221 3398 moeceptnm
1232 3347 1281 3397 po·

772 3415 824 3463 snit
853 3415 937 3465 eadem
964 3419 1047 3464 saneta
1074 3413 1179 3477 synodus
1209 3427 1282 3474 repu-

772 3497 868 3560 lamque
895 3495 1034 3557 constitnit;
1062 3508 1118 3544 cnm
1149 3508 1206 3544 vero
1231 3493 1283 3542 dis-

769 3576 877 3641 junctiva
889 3575 1055 3639 conjunctione
1069 3573 1202 3623 addidisset
1216 3588 1224 3622 :
1238 3579 1282 3622 ant

772 3658 855 3707 sedem
876 3657 949 3717 regio
971 3655 1038 3704 urbis
1059 3652 1280 3718 Constantinopoli-

772 3745 842 3800 tanae,
852 3737 927 3801 liquet
940 3735 1047 3801 protecto
1062 3735 1118 3799 quia
1131 3734 1175 3783 hoc
1194 3747 1280 3784 soeuu-

772 3820 830 3868 dum
840 3816 1032 3883 permissionem
1047 3814 1166 3878 indulsit,
1178 3819 1226 3864 ete.

803 3897 903 3964 (Nicolai
917 3898 1001 3962 Epist.
1016 3897 1056 3946 111
1069 3893 1277 3956 addictionem,

772 3981 865 4044 Migns,
888 3986 908 4029 t.
936 3979 1023 4040 CXIX,
1042 3993 1082 4042 ep.
1101 3979 1141 4040 33,
1166 3992 1191 4040 p.
1218 3977 1279 4032 sst3

771 4060 858 4122 Coloni,
872 4065 892 4110 t.
906 4061 947 4123 ΙΧ,
959 4073 985 4124 p.
1001 4059 1156 4122 taso-¹331.)

251 4143 275 4190 2.
294 4143 350 4190 Haec
380 4149 509 4208 antequam
537 4142 672 4208 imperatori
701 4143 830 4208 Byzantios
856 4141 979 4202 scriberet,
1007 4139 1145 4189 Anastasius
1170 4135 1282 4186 eumdem

221 4235 336 4270 caconem
356 4222 573 4272 chalcedonensem
590 4229 744 4290 usurpaverat
762 4224 786 4273 in
805 4223 868 4272 hunc
883 4220 980 4270 modum
1000 4235 1007 4268 :
1028 4238 1040 4265 s
1059 4219 1085 4269 si
1099 4218 1213 4268 adversus
1226 4231 1281 4281 pro-

220 4302 302 4352 vincia
317 4303 525 4365 metropolitanum
540 4304 663 4368 episeopus
676 4306 714 4354 ael
729 4303 829 4356 ctericus
848 4301 937 4352 habeat
952 4300 1165 4365 quarelam‚ju1ta
1181 4295 1282 4347 Chalce-
