2954 5050
256 418 302 468 888
339 416 543 466 Anssrtstt
564 415 755 466 launum!
776 415 824 464 EX
844 415 1046 468 tartsrotts
1066 417 1222 467 alconti
1250 419 1268 468 1

255 560 436 648 apostolice
445 558 522 648 jura
538 579 607 627 non
619 558 700 628 adeo
714 559 826 628 violari
840 558 1115 645 arbitrarentnr¹,
1130 557 1265 630 Grecos
1296 559 1341 627 in

255 677 316 744 bae
332 695 404 744 esse
417 674 578 743 sententia
595 684 802 744 commentus
818 685 870 744 est
888 685 927 744 ut
945 675 1087 763 superbe
1104 675 1343 764 praedicarent

254 789 354 858 totins
368 789 519 858 Ecclesia
532 790 752 878 principatum
765 790 955 878 ademptum
967 811 1039 860 esse
1052 790 1208 860 Romanis
1219 801 1339 879 atque

254 905 290 972 in
315 903 513 992 Byzantinos
541 906 695 974 illatum:
723 930 742 972 ι
764 905 829 974 Sed
855 906 936 994 quid
967 906 1110 994 mirum,
1135 907 1266 994 inquit,
1297 909 1334 976 si

254 1022 315 1088 hoc
331 1019 386 1088 isti
399 1019 545 1110 (Greci)
560 1021 787 1109 praetendunt,
806 1043 884 1090 cum
906 1021 1006 1090 etiam
1024 1022 1209 1110 glorientur
1220 1033 1334 1111 atque

254 1133 458 1222 perhibeant,
473 1136 604 1224 qnando
617 1135 659 1204 de
671 1136 820 1206 Romana
833 1136 916 1206 urbe
931 1137 1144 1226 imperatores
1158 1137 1335 1206 Constan-

253 1251 425 1338 tinopolim
442 1261 521 1320 sunt
536 1251 697 1338 translati,
711 1262 791 1320 tunc
808 1262 842 1321 et
857 1251 1042 1343 primatum
1054 1255 1216 1322 Romanae
1233 1252 1332 1322 sedis

253 1365 303 1432 ad
320 1365 722 1457 constantinopolitanam
734 1367 901 1436 enacim
914 1367 1178 1458 transmiqrasae,
1193 1379 1328 1437 etcum

253 1481 469 1568 dignitatibus
481 1483 582 1570 regiis
594 1484 695 1553 etiam
707 1483 850 1553 ecclesie
858 1483 1016 1553 fflmana
1026 1484 1194 1572 privilegia
1208 1495 1326 1555 trans-

253 1599 317 1666 lata
330 1597 510 1668 fuisse²ln
1226 1653 1230 1659 .

298 1715 393 1796 Quod
426 1724 463 1782 ut
503 1714 661 1804 episcopis
696 1715 807 1785 Gabia
832 1715 1044 1786 manifestum
1082 1715 1216 1804 laceret,
1254 1719 1322 1786 hoc

252 1838 486 1920 argumentum
500 1831 621 1916 attulit,
636 1829 792 1898 Photium
805 1829 843 1898 in
856 1830 925 1899 suis
938 1830 1066 1920 scriptis
1078 1830 1320 1920 archiepiscopi

252 1957 350 2034 atque
367 1944 560 2015 universalis
583 1944 774 2032 patriarcba
805 1966 925 2014 nomen
946 1967 1105 2035 usurpare
1129 1943 1153 2014 ³.
1187 1946 1320 2015 Verum

252 2065 314 2131 hac
335 2061 436 2131 etiam
456 2061 492 2129 in
513 2080 549 2129 ro
563 2055 776 2128 Anastasinm
797 2061 958 2130 malitiose
977 2061 1083 2148 egisse
1103 2063 1319 2131 vehementer

252 2178 411 2265 suspicor.
428 2176 576 2264 Namque
592 2176 635 2262 is,
653 2175 781 2244 etiamsi
795 2197 854 2264 pro
867 2188 1033 2264 comperto
1045 2176 1216 2245 habuisset
1227 2177 1320 2246 Pbo-

253 2293 336 2358 tium
357 2312 393 2359 se
406 2291 442 2357 in
458 2291 527 2358 suis
541 2291 656 2368 litteris
670 2291 908 2360 mcumenicum
922 2292 1140 2380 patriarcham
1154 2293 1318 2380 appellare

252 2405 462 2492 solere,qnod
472 2404 635 2474 altirmare
645 2426 711 2474 non
720 2403 959 2494 ausim⁴,plane
967 2417 1076 2476 tamen
1087 2417 1221 2477 noverat
1230 2409 1318 2476 hanc

284 2593 308 2640 l.
325 2591 360 2640 Eo
371 2604 448 2652 magis
457 2589 521 2654 quod
534 2589 629 2640 codices
642 2605 760 2640 monum
773 2591 837 2654 apud
851 2591 1017 2642 Occidentales
1030 2598 1081 2642 tum
1093 2593 1211 2657 temporis
1220 2591 1317 2654 vulgati

251 2686 368 2721 canonem
374 2671 473 2720 tertium
481 2671 574 2720 concilii
584 2671 709 2721 conatam.
719 2672 858 2722 ocumanici
867 2673 889 2722 ll
900 2672 1077 2736 reserebantlv.
1085 2672 1191 2722 d'oltect.
1198 2672 1317 2737 depae„

252 2768 291 2817 ap.
305 2752 443 2812 llinachius‚
465 2752 562 2804 Deerat.
581 2752 766 2814 Praedo-laid„
785 2768 809 2817 p.
824 2755 886 2813 2¹⁶3
903 2751 1008 2802 Colleet.
1023 2753 1140 2816 Diony-n,
1159 2768 1200 2818 ap.
1219 2753 1316 2816 iligna,

252 2834 281 2882 P.
293 2833 330 2896 t,
344 2838 364 2882 t.
376 2834 475 2892 LXVH,
490 2847 515 2896 p.
528 2835 593 2896 178).
608 2833 709 2883 Cautius
725 2833 799 2882 etiam
814 2833 937 2894 agendum
950 2840 1002 2882 erat
1012 2847 1069 2882 curn
1083 2833 1225 2896 llincmaro,
1241 2848 1317 2898 qnam

256 2913 398 2964 Anastasius
408 2919 520 2976 expertus
529 2919 581 2963 erat
593 2913 623 2962 de
632 2913 764 2977 privilegiis
774 2927 891 2978 paparum
900 2913 971 2978 paulo
983 2913 1084 2968 liberius
1096 2913 1283 2963 existimantem.

182 3049 185 3054 ¹
281 2995 306 3042 2.
323 2993 412 3042 Nicolai
435 2993 518 3053 Epi-ct.
540 2992 576 3044 ud
597 2993 765 3043 llincmarmm
788 2997 813 3043 et
835 2995 913 3058 episc.
941 2992 1032 3044 Gu'lioe
1055 2994 1161 3056 (iligna,
1185 2999 1206 3044 t.
1225 2994 1315 3055 0111,

252 3087 277 3136 p.
294 3075 367 3134 ll5‘l;
382 3073 468 3137 coleti,
484 3080 504 3125 t.
517 3076 560 3136 tx,
576 3089 599 3138 p.
612 3074 694 3138 arao).

282 3154 307 3201 3.
325 3153 385 3202 alta
401 3159 428 3202 ut
441 3154 549 3216 ejusdem
568 3155 663 3204 invasor
680 3153 791 3204 Ecclesia
805 3154 906 3205 Photius
920 3154 993 3204 etiam
1011 3153 1104 3219 ipsese
1118 3154 1143 3203 in
1156 3154 1252 3218 scriptis
1265 3154 1316 3204 auia

251 3232 456 3297 archiepiscopum
470 3241 542 3298 atqua
562 3235 722 3284 universalem
742 3235 904 3299 patriarcham
918 3235 1054 3300 appellat.»
1072 3233 1164 3284 Nicolai
1173 3235 1257 3300 Epist.
1279 3233 1316 3284 od

250 3314 351 3364 Hirtam.
370 3313 473 3377 (Migne,
487 3327 511 3376 p.
528 3317 602 3374 {1573
619 3315 707 3380 coleti,
719 3330 744 3379 p.
759 3316 870 3379 aleo-t).

282 3398 306 3446 1.
324 3394 394 3444 Unde
416 3393 441 3444 id
461 3395 600 3445 Anastasius
621 3403 687 3445 certo
707 3410 850 3458 cognoscere
863 3395 977 3460 potuerit.
993 3409 1040 3444 non
1061 3394 1143 3455 rideo;
1159 3395 1234 3444 immo
1246 3393 1314 3444 rideo

251 3475 435 3527 Anastasiauum
457 3473 576 3540 quoddam
599 3476 783 3526 mendaciolum.
799 3477 861 3526 Nam
878 3476 987 3538 Photiua,
1002 3475 1026 3524 in
1041 3475 1089 3525 illis
1102 3475 1197 3525 duabus
1209 3474 1316 3540 epistolis

251 3571 312 3620 quas
327 3555 423 3606 Nicolao
442 3569 509 3620 papa
527 3555 633 3619 miserat,
650 3571 757 3621 quasque
770 3557 911 3608 Anastasius
928 3555 973 3606 sub
993 3555 1068 3606 oculis
1086 3556 1214 3616 habuerat,
1234 3554 1264 3606 ab
1287 3571 1315 3605 ea

251 3641 427 3700 temperaverat
446 3634 613 3700 appelatione.
627 3636 660 3688 V.
681 3637 774 3698 bligne,
793 3639 822 3689 P.
838 3637 880 3700 G,
895 3643 914 3685 t.
928 3637 982 3706 ctt,
1002 3651 1027 3699 p.
1041 3638 1097 3698 886,
1111 3638 1167 3686 591.
1190 3637 1277 3700 Neque
1290 3635 1314 3684 id

250 3721 344 3765 tantum
356 3715 467 3780 prudenti
481 3716 580 3764 consilio
594 3716 654 3778 egit,
675 3730 731 3765 cnm
745 3716 774 3765 ad
789 3731 876 3781 papam
892 3717 1015 3778 scriberet,
1036 3719 1078 3766 sed
1100 3721 1222 3766 recentem
1246 3729 1315 3764 suam

251 3797 452 3846 consecrationem
471 3795 577 3845 ecclesia
596 3795 749 3845 Antiochense
769 3797 890 3860 nuntians,
904 3796 937 3845 sic
951 3796 1002 3848 suis
1017 3795 1102 3846 litteris
1116 3795 1314 3860 subscripserat:

251 3876 345 3932 Φώτιος
359 3877 488 3932 ἐπίσκοπος
503 3877 775 3928 Κωνσταντινουπὸλεως
792 3878 846 3933 νέας
864 3877 960 3939 Ῥώμης
973 3877 1077 3941 (iligna,
1090 3875 1161 3940 thid,
1186 3889 1211 3940 p.
1228 3876 1313 3938 llli);

252 3953 323 4018 idque
336 3969 365 4005 eo
377 3955 454 4017 magis
468 3961 550 4004 notatu
564 3955 666 4017 dignum
676 3959 714 4002 est
724 3953 789 4017 quod
802 3954 942 4018 patriarchae
951 3953 1096 4018 Orientales,
1110 3969 1166 4004 cum
1178 3953 1208 4002 ad
1220 3953 1315 4018 episeo-

253 4047 309 4098 pum
318 4035 476 4100 Byzantinum
485 4036 625 4096 scriberent,
634 4034 807 4084 mcumeaicum
814 4034 975 4099 patriarcham
985 4034 1054 4083 illum
1065 4034 1188 4084 nominare
1197 4033 1315 4084 solebant.

253 4114 284 4163 V.
299 4114 368 4179 intre,
384 4131 408 4180 p.
423 4120 476 4182 187,
492 4132 517 4166 n.
534 4122 555 4168 l.
571 4118 649 4182 Atque
665 4114 817 4165 exomnibus
831 4114 913 4164 Photii
927 4114 1102 4179 epistolisque
1117 4115 1180 4179 typis
1197 4114 1313 4164 mandata

253 4199 317 4257 aunt,
327 4194 386 4244 ditas
395 4197 459 4256 nori,
472 4198 496 4247 in
508 4198 596 4262 quibua
607 4197 706 4248 Photins
715 4210 741 4244 se
749 4194 921 4244 aecumenicam
931 4195 1089 4258 patriarcham
1099 4193 1240 4258 appellavit,
1250 4195 1268 4246 i.
1277 4209 1312 4257 e.,

252 4272 378 4338 epistolam
393 4275 539 4339 Aquileiensi
554 4276 732 4342 archiepiscopo
742 4275 814 4335 longo
827 4279 882 4339 post
894 4279 1012 4339 tempore,
1026 4291 1049 4323 a.
1061 4275 1118 4324 circ.
1131 4276 1187 4338 883,
1200 4275 1313 4342 scriptam
