2960 5052
264 472 278 520 8
685 463 903 515 PROOEMIUM

264 611 509 682 auctoritatem
536 627 769 694 cognoscere,
796 627 877 696 quae
903 613 1001 676 esset
1026 607 1071 676 ad
1098 626 1217 676 causae
1244 627 1325 675 suae

265 734 498 817 commodum,
527 736 587 800 aut
615 731 748 800 diluere
781 750 824 801 ea
852 731 969 802 omnia
993 753 1073 820 quae
1103 737 1226 801 contra
1254 731 1327 798 dici

263 864 437 948 poterant,
451 859 543 928 banc
557 863 675 926 tamen
691 857 1031 944 argumentationem
1046 857 1170 944 attulit,
1181 875 1261 945 quae
1277 857 1327 923 ad

264 983 369 1052 fldem
384 982 582 1054 faciendam
597 990 678 1071 apta
693 1002 776 1052 esse
790 982 962 1050 videatur.
985 985 1059 1052 Nec
1084 981 1177 1050 enim
1200 979 1326 1050 existi-

264 1107 382 1193 mavit,
401 1107 561 1195 quamvis
583 1106 753 1174 Ecclesiae
767 1091 942 1174 Romanae
953 1105 1084 1174 samam
1105 1105 1199 1174 haud
1218 1105 1327 1173 indif-

264 1232 391 1300 ferenti
409 1232 525 1300 animo
548 1231 780 1319 perspiceret,
807 1229 1041 1318 abjiciendam
1063 1247 1146 1298 esse
1165 1230 1327 1317 aequabi-

263 1357 396 1424 litatem
415 1354 643 1442 decernendi,
668 1361 786 1442 atque,
808 1373 913 1442 quem
936 1358 1041 1423 antea
1059 1353 1157 1421 multi
1176 1353 1327 1422 summis

263 1480 425 1549 laudibus
447 1480 642 1548 efferebant
661 1476 893 1566 improvide¹,
911 1477 1085 1563 eumdem,
1103 1497 1143 1546 re
1161 1479 1329 1547 consulta

264 1603 390 1673 melius
418 1608 453 1671 et
482 1603 682 1690 explorata,
714 1621 825 1670 ausus
852 1607 907 1670 est
935 1601 1053 1671 dicere
1082 1601 1327 1687 ambitiosum,

264 1727 606 1816 experientissimum
625 1732 875 1812 veteratorem,
898 1732 1004 1813 atque
1027 1727 1118 1796 inter
1141 1730 1328 1796 Romanos

263 1859 431 1942 tanquam
446 1855 595 1924 alterum
607 1852 770 1922 Photium
779 1849 804 1920 ².

308 2107 367 2174 III.
394 2105 630 2183 Quamobrem
664 2123 733 2190 ego
766 2110 820 2184 te,
855 2102 966 2172 amice
993 2104 1117 2188 lector,
1151 2102 1197 2170 ad
1229 2103 1329 2171 hunc

265 2227 474 2316 scriptorem
497 2227 648 2315 rejicere
676 2227 789 2315 potui3
813 2246 926 2314 eoque
946 2227 1060 2313 magis
1080 2225 1174 2313 quod
1193 2225 1331 2293 difficili

263 2352 299 2419 in
318 2352 398 2419 loco
408 2369 606 2436 versamur,
618 2351 745 2438 inquo,
764 2350 796 2418 si
806 2351 883 2439 quis
897 2351 1124 2421 doctissimus
1139 2349 1330 2438 spectatis-

265 2474 445 2561 simusque
462 2473 633 2561 praeierit,
650 2476 796 2542 multum
818 2474 853 2542 id
871 2475 1055 2564 praestabit
1072 2480 1106 2544 et
1121 2473 1327 2563 voluptatis,

265 2603 301 2667 et
328 2597 539 2667 securitatis.
570 2599 638 2668 Sed
661 2605 791 2685 tamen,
828 2619 908 2668 cum
942 2600 1140 2669 necessitas
1171 2599 1332 2688 postulet

264 2729 302 2792 ut
326 2742 369 2792 ea
389 2723 431 2792 de
457 2742 527 2792 uno
547 2723 737 2793 Anastasio
758 2725 944 2810 sententia,
965 2744 1036 2793 non
1060 2726 1174 2793 solum
1196 2724 1330 2811 proba-

263 2847 357 2935 bilis,
375 2867 499 2916 verum
523 2847 628 2917 etiam
651 2853 749 2916 certa
772 2852 877 2936 atque
902 2848 1117 2917 inconcussa
1138 2847 1326 2932 efficiatur,

266 2991 347 3059 quae
375 2991 444 3058 ego
473 2977 683 3059 argumenta
717 2977 752 3041 et
785 2971 1012 3041 auctoritates
1040 2975 1150 3041 Marte
1182 2969 1329 3059 proprio

266 3095 478 3183 comparavi,
493 3098 573 3165 haec
589 3095 872 3185 operaepretium
891 3095 974 3164 duxi
987 3114 1200 3184 proponere,
1220 3099 1328 3182 atque

265 3218 448 3304 hocloco,
479 3225 648 3307 quantum
676 3220 712 3287 in
740 3239 796 3287 me
820 3225 886 3304 est,
909 3220 1169 3304 commendare,
1193 3224 1231 3285 ut
1248 3236 1327 3286 rem

266 3341 416 3430 quisque
434 3343 508 3410 suis
527 3343 742 3431 ponderibus
758 3343 961 3412 examinare
975 3343 1114 3412 facilius
1129 3342 1256 3431 possit.

312 3468 343 3533 l.
389 3469 501 3535 Porro
541 3468 768 3536 Anastasium
809 3467 1073 3556 presbyterum,
1112 3487 1218 3555 quem
1253 3468 1328 3533 Ha-

266 3589 453 3659 drianusII
466 3591 663 3660 sacerdotio
674 3592 811 3678 iterum,
827 3597 972 3680 propter
984 3609 1076 3660 nova
1092 3591 1264 3675 facinora,
1282 3589 1330 3658 ad

297 3839 319 3888 l.
335 3855 348 3884 a
361 3837 502 3888 Anastasius
516 3837 739 3889 bibliothecarius...
754 3845 865 3890 constans
877 3855 973 3905 semper
986 3839 1009 3888 in
1022 3839 1069 3889 fide
1083 3844 1108 3890 at
1121 3837 1235 3903 obsequio
1248 3836 1330 3903 ponti-

264 3916 335 3966 ficum
350 3920 518 3970 Romanorum.
535 3936 547 3964 s
563 3917 685 3979 Mabillon,
699 3919 814 3969 Annales
827 3919 882 3971 ord.
900 3920 928 3970 S.
943 3919 1086 3980 Benedicti,
1101 3925 1121 3969 t.
1135 3919 1180 3983 111,
1193 3932 1218 3982 p.
1233 3919 1272 3968 ³5.
1289 3916 1328 3970 cl.

264 3997 297 4047 D.
311 3995 414 4062 Csillier,
429 4000 494 4051 Hist.
506 4000 592 4064 paritr.
609 3999 637 4048 d.
652 4002 706 4050 aut.
723 4003 816 4060 sacrm,
831 4005 849 4049 t.
862 4002 929 4064 xlx,
947 4015 975 4065 p.
990 4002 1045 4050 tat.

295 4077 319 4125 2.
338 4093 351 4122 c
365 4077 423 4128 Wic
439 4080 547 4142 Pbotius,
563 4094 589 4129 so
603 4079 670 4129 hatte
681 4079 821 4129 Anastasius
836 4078 886 4129 sich
900 4081 941 4130 des
957 4080 1110 4144 Episcopatus
1126 4078 1170 4128 mit
1184 4075 1330 4128 ueltlicbam

264 4155 376 4204 Baistand
392 4172 420 4206 zu
434 4158 601 4222 bemachtigen
611 4159 725 4222 geaucbt:
735 4173 761 4208 er
771 4159 836 4208 batte
846 4159 903 4209 weit
912 4161 995 4210 triber
1006 4159 1040 4208 als
1050 4161 1120 4224 jener
1132 4157 1197 4208 scine
1212 4157 1328 4208 Hollnun-

264 4247 311 4296 gau
332 4235 441 4286 vareitalt
462 4240 580 4299 gessban:
602 4255 629 4290 cr
646 4254 700 4290 war
718 4255 750 4290 zu
768 4239 899 4304 Intripucn
914 4241 1014 4304 pcnciqt
1028 4238 1111 4303 pleicd
1126 4239 1250 4303 jessem.»
1266 4238 1329 4287 ller-

265 4315 401 4378 genrothcr,
413 4330 452 4380 op.
466 4315 491 4378 l.,
508 4333 534 4382 p.
550 4321 604 4369 tto.
