2960 5052
579 439 797 490 Pnooetltun
1191 445 1220 494 ει

156 584 331 674 Quidquid
372 583 465 654 enim
504 583 574 672 ipsi
613 583 781 654 Nicolaus
822 585 1115 672 exprobraverat,
1153 587 1222 656 hoc

154 709 446 799 archiepiscopus
465 707 666 796 RemensiS,
687 729 752 797 per
769 709 904 778 htteras
925 710 1078 779 hctardo
1100 711 1221 798 legato

154 834 401 918 demandatae,
425 832 519 921 apud
536 831 764 902 Anastasium
786 833 949 902 abbatem
972 831 1087 920 diluit,
1115 841 1221 924 atquo

154 958 456 1029 continuationem
490 957 688 1046 seriemque
717 977 838 1026 rerum
864 958 959 1026 haud
987 977 1094 1028 secus
1123 959 1221 1030 edis-

154 1083 269 1152 seruit
284 1102 390 1171 quam
406 1082 437 1152 si
449 1081 557 1168 hujus
574 1101 695 1150 causae
709 1089 870 1170 potestas
884 1081 920 1150 in
934 1101 978 1151 eo
992 1083 1133 1152 homine
1152 1084 1221 1154 sita

153 1206 277 1276 esset¹
304 1228 313 1275 ι
339 1212 474 1276 tantum
500 1206 711 1274 Hincmarus
734 1205 770 1274 id
799 1207 1019 1294 exploratum
1048 1208 1222 1278 habuerat

151 1332 341 1402 Nicolaum
361 1331 563 1420 pontificem
589 1331 779 1401 Anastasio
803 1331 942 1417 abbate,
964 1331 1001 1399 in
1021 1332 1218 1402 scribendis

152 1455 363 1544 apostolicis
384 1455 522 1541 litteris,
546 1454 749 1524 consiliario
769 1461 873 1543 atque
893 1455 1053 1544 adiutore
1078 1457 1150 1525 uti!

201 1584 434 1668 Quapropter,
454 1580 485 1648 si
499 1599 544 1648 ex
556 1580 668 1648 altera
681 1585 781 1668 parte
803 1580 889 1648 illud
910 1584 1078 1650 testatum
1102 1579 1221 1650 consi·

152 1708 372 1792 gustumque
386 1705 618 1790 inveniemus,
640 1703 805 1774 Nicolail
831 1705 1115 1793 acceptissimum
1139 1726 1221 1775 con-

152 1828 326 1900 siliarium
350 1829 600 1918 assiduumque
618 1828 817 1917 adjutorem
833 1827 946 1896 fuisse
966 1830 1080 1897 virum
1102 1851 1222 1918 quem-

152 1954 250 2040 dam,
266 1953 493 2022 Anastasium
506 1952 658 2040 nomine,
676 1953 736 2042 qui
750 1959 1021 2041 antea,propter
1036 1954 1219 2024 ambitiose

151 2079 263 2159 facta,
278 2077 522 2146 ecclesiastica
536 2077 782 2146 communione
794 2080 830 2145 et
845 2077 1044 2146 sacerdotio
1058 2077 1217 2164 dejectus

152 2207 245 2287 erat,
262 2221 306 2270 ex
320 2203 389 2270 hoc
399 2221 525 2269 rursus
541 2201 723 2288 apparebit
736 2202 881 2270 eosdem
898 2220 980 2269 esse
992 2201 1219 2270 Anastasium

149 2325 459 2394 bibliothecarium
485 2329 520 2394 et
546 2325 775 2394 Anastasium
790 2327 1037 2414 presbyterum
1066 2327 1100 2395 S.
1128 2329 1220 2394 Mar·

150 2452 235 2522 celli
248 2472 256 2538 ;
270 2450 338 2520 nisi
353 2450 431 2538 quis
446 2449 608 2518 maluerit
623 2450 807 2540 pueriliter
831 2453 968 2538 fingere
991 2453 1080 2521 duos
1104 2452 1218 2520 fuisso

149 2576 258 2645 simul
269 2574 599 2662 Anastasius,quos
617 2594 720 2662 aeque
733 2574 930 2643 Nicolausl
952 2575 1018 2644 sibi
1040 2575 1075 2644 in
1101 2575 1218 2644 socie-

147 2705 262 2770 tatem
277 2699 437 2787 ejusdem
449 2699 582 2768 laboris
598 2698 809 2787 adjunxerit.

199 2814 311 2893 Porro
338 2824 475 2894 Nicolai
489 2823 504 2890 l
518 2828 688 2912 tempore,
717 2824 929 2894 Guntharius
957 2828 1061 2912 atque
1087 2825 1216 2892 'lheut-

148 2949 306 3036 gaudns
339 2949 395 3017 hic
420 2949 655 3034 Trevirorum,
684 2950 743 3019 ille
767 2949 924 3019 Coloniae
947 2946 1216 3037 Agrippinensis
1269 3003 1301 3014 .,

148 3072 458 3161 archiepiscopus,
477 3073 536 3161 qui
549 3092 662 3162 nuper
677 3092 830 3142 assensu
846 3092 911 3142 suc
936 3073 1108 3141 chtharii
1118 3071 1215 3158 regis

148 3195 341 3266 divortium
374 3198 701 3286 comprobaverant,
726 3196 860 3286 judicio
889 3196 1016 3265 summi
1040 3196 1216 3285 pontificis

148 3321 309 3392 damnati
323 3329 404 3390 sunt
425 3342 467 3392 ac
483 3323 526 3392 de
551 3323 712 3398 omnibus
738 3322 986 3410 episcopcrum
1011 3320 1216 3389 muneribus

148 3443 369 3532 deturbati²;
395 3446 460 3515 sed
494 3452 618 3515 contra
638 3445 853 3534 pontificiam
871 3444 1082 3514 sententiam
1104 3442 1216 3511 resis-

145 3574 269 3637 tentes
283 3576 595 3659 repugnantesque
610 3570 756 3640 Nicolao
778 3573 794 3637 1
815 3569 1000 3658 epistolam
1026 3566 1214 3656 quamdam

145 3691 382 3773 miserunt,in
391 3711 461 3781 qua
472 3711 511 3762 se
520 3692 648 3782 injuria
659 3692 913 3761 condemnatos
923 3684 1212 3760 contendebantl.

184 3922 210 3969 l.
226 3919 294 3978 Quod
314 3925 342 3970 ut
357 3919 459 3986 quisque
473 3921 550 3983 magis
568 3925 717 3986 compertum
737 3919 834 3984 habeat,
855 3920 916 3970 hanc
936 3915 1058 3969 llincmari
1078 3913 1214 3979 epistolam,

147 3996 216 4047 inter
229 3998 373 4062 appendices
385 4000 464 4065 operis
477 4002 534 4064 mel,
546 4000 663 4050 edendam
676 4000 766 4050 curavi.

182 4080 208 4129 2.
226 4079 293 4128 duno
306 4081 363 4144 863,
382 4081 445 4130 circa
463 4096 497 4130 m.
513 4081 592 4132 octob.
606 4080 639 4132 V.
654 4079 765 4131 Annales
782 4078 928 4139 Fuidcnser,
945 4091 968 4126 a.
991 4077 1036 4126 863
1049 4075 1138 4140 (Portu,
1157 4074 1205 4126 SS.

146 4164 168 4206 t.
187 4158 207 4217 l,
219 4171 246 4221 p.
257 4160 355 4223 dib-d),
369 4161 493 4212 hincmari
503 4160 623 4221 Annales,
636 4175 660 4210 a.
676 4163 720 4211 863
738 4159 816 4222 (ibid,
831 4174 855 4224 p.
871 4158 968 4217 isc-l).

180 4238 206 4287 3.
225 4238 354 4290 Annalium
366 4241 467 4306 scriptor
478 4239 602 4290 Fuldcnsis
616 4240 678 4290 hanc
692 4239 815 4304 epistolam
827 4239 851 4287 in
865 4250 907 4286 suo
922 4250 993 4300 opere
1010 4235 1111 4286 intexuit
1124 4235 1215 4298 (Perta,

147 4315 221 4379 ibid,
237 4332 262 4382 p.
278 4320 372 4384 hild).
