2954 5050
432 479 436 488 ·
529 445 710 499 FORTUNA
732 445 849 498 volus
1173 449 1219 500 22¹1

151 586 307 658 Adonem
327 585 430 674 igitur
450 588 643 658 Anastasius
665 588 763 658 totius
788 588 836 658 rei
860 588 1027 658 conscium
1050 598 1083 659 et
1101 589 1219 660 ducem

152 702 306 792 adhibet3
330 703 408 772 huic
428 703 518 773 illam
536 705 708 794 epistolam
726 704 839 793 mittit,
856 704 891 772 in
907 725 971 792 qua
988 704 1137 774 videlicet
1149 725 1219 774 ma·

150 835 255 904 gnam
278 816 471 905 religionem
493 818 713 909 pietatemque
737 839 805 909 prae
829 839 864 888 se
889 819 1026 910 ferebat,
1045 820 1102 890 sed
1124 821 1219 909 cujus

151 953 213 1001 nos
224 931 295 1022 jam
315 933 478 1003 rationem
497 943 594 1022 atque
625 935 824 1006 industriam
845 935 1007 1025 inspicere
1029 956 1216 1024 possumne.

196 1047 343 1136 Etenim,
359 1059 531 1138 postquam
547 1050 714 1140 explicavit
730 1050 809 1140 quid
819 1059 932 1120 contra
948 1049 1120 1120 Nicolaum
1129 1053 1217 1140 cogi·

150 1173 292 1254 taretur,
300 1172 333 1235 et
343 1186 443 1254 quam
453 1186 545 1255 spem
554 1165 653 1256 hujus
660 1166 823 1257 pontilicis
834 1166 961 1235 inimici
972 1167 1009 1235 iu
1022 1166 1218 1256 imperatore

150 1281 351 1370 posuissent,
372 1281 418 1350 sio
437 1283 478 1350 ad
496 1304 595 1352 suum
608 1283 783 1352 consilium
797 1283 930 1372 propius
945 1281 1091 1352 accedit:
1110 1285 1217 1350 «Hor

149 1419 242 1488 erqo,
258 1397 379 1486 inquit,
396 1398 521 1466 cunctis
537 1398 702 1490 fratribus
718 1398 883 1488 nuntiate,
898 1410 928 1467 et
948 1397 1120 1490 inquibus
1136 1421 1219 1489 pro-

150 1510 242 1581 desse
255 1535 351 1604 posse
365 1513 542 1604 confiditis,
559 1513 710 1583 laborare
720 1537 784 1606 pro
797 1513 895 1582 domo
908 1514 972 1582 Dei
985 1525 1109 1584 curate.
1128 1517 1216 1610 Nom

147 1625 180 1695 εἰ
194 1627 284 1695 tanti
292 1627 461 1719 pontificis
475 1641 549 1698 acta
563 1641 749 1715 cassantur,
766 1642 887 1720 oestro,
903 1652 1027 1721 qrtoeso,
1048 1629 1107 1697 cti
1116 1651 1216 1720 parc-

148 1741 258 1810 bamt?
276 1744 397 1814 Verum
415 1747 483 1814 scio
502 1745 595 1837 quia,
613 1745 687 1815 licet
704 1744 799 1837 apud
815 1767 875 1814 ctos
894 1767 1032 1837 paucos,
1050 1743 1147 1836 apud
1161 1767 1217 1813 cos

147 1869 262 1928 tamen
274 1860 409 1951 reliquit
417 1861 482 1929 siti
491 1861 655 1931 Dominus
664 1861 830 1953 plurimos
841 1861 901 1952 qui
913 1883 981 1928 oon
998 1872 1217 1929 armaverant

145 1997 258 2065 pertua
274 1987 349 2044 ante
363 1976 460 2046 Baol.
482 1977 648 2046 Habemus
670 1989 780 2048 autem
803 1976 979 2069 praesulem
1001 1975 1212 2045 Hadrianum

146 2089 283 2160 nominc
307 2091 378 2184 (hio
406 2092 644 2163 animadvertas
668 2113 770 2182 quam
794 2093 898 2182 perite
922 2091 1035 2161 laudes
1056 2091 1216 2160 Hadriani

146 2307 233 2362 audire
251 2307 364 2373 velimus,
380 2309 493 2360 Nicolaus
515 2309 594 2362 Adoni
617 2308 717 2376 pallium
731 2309 823 2376 petenti
844 2307 979 2359 satisfacere
1000 2306 1125 2371 noluisset,
1141 2306 1216 2358 donec

147 2387 169 2438 is
182 2388 374 2454 archiepiscopus
384 2389 443 2454 quid
462 2389 491 2439 de
505 2391 591 2455 quinta
604 2396 629 2440 ct
640 2397 706 2441 serta
719 2391 816 2455 synodis
829 2389 931 2440 sentiret
941 2388 1047 2454 apertius
1060 2387 1218 2449 significasset

147 2467 228 2534 (laet,
242 2469 357 2534 depecta,
365 2484 391 2518 n.
404 2469 491 2534 2693);
506 2476 531 2520 at
541 2485 619 2536 neque
628 2471 689 2522 Jaffe
700 2485 777 2536 neque
788 2473 949 2535 Reqestorum
960 2468 1106 2520 recentiores
1115 2468 1217 2520 editores

146 2547 214 2598 illam
233 2547 325 2598 Nicolai
347 2548 472 2612 epistolam
487 2550 544 2600 satis
560 2556 670 2600 accurate
687 2550 811 2614 legerunt,
830 2564 886 2600 cum
905 2550 931 2599 in
950 2564 979 2599 ea
998 2548 1097 2614 pallium
1119 2549 1217 2599 concedi

146 2627 212 2678 haud
231 2628 331 2678 obscure
353 2629 503 2690 significetur
525 2630 563 2692 (r.
585 2629 683 2692 Mignc,
705 2637 724 2680 t.
745 2631 835 2692 CXIX,
858 2645 897 2695 ep.
924 2632 963 2693 16,
982 2643 1008 2694 p.
1033 2627 1109 2692 796).
1133 2629 1216 2678 Plures

145 2713 227 2760 autem
250 2707 304 2758 alie
326 2707 420 2760 Nicolai
441 2708 471 2759 ad
493 2709 603 2760 Adonem
621 2708 727 2775 epistolae
745 2710 822 2760 adbuc
844 2713 939 2759 exstant
963 2711 996 2770 (r.
1014 2707 1088 2770 latre,
1103 2723 1128 2759 n.
1143 2711 1215 2772 2697,

147 2789 221 2852 2750,
235 2789 307 2850 atos,
319 2789 391 2850 alte,
411 2791 483 2852 etet,
505 2791 576 2854 2836,
594 2790 676 2854 2876),
691 2790 819 2854 exquibus
840 2793 941 2854 apparet
963 2788 1043 2852 ipsum
1061 2787 1171 2837 Adonem
1191 2788 1216 2836 in

144 2866 233 2918 litteris
247 2867 344 2918 Nicolao
358 2869 489 2918 scribendis
504 2870 677 2920 creberrimum
689 2870 773 2921 fuisse.
788 2870 860 2932 Nam,
874 2876 901 2918 ut
916 2883 992 2918 uuum
1011 2867 1040 2918 de
1061 2865 1144 2917 multis
1157 2867 1216 2917 affe·

42 2996 44 3004 ,
146 2962 206 3011 ram,
229 2947 264 2997 sic
284 2947 396 2997 Nicolaus
417 2949 447 2998 ad
467 2949 535 3000 illum
556 2951 762 3015 archiepiscopum
787 2949 907 2999 scribebat
929 2962 1005 2998 mens.
1021 2948 1080 2998 Dea.
1101 2962 1124 2997 a.
1146 2949 1214 2999 864:

146 3044 160 3076 u
177 3029 247 3092 Saepe
268 3028 402 3078 sanctitatis
422 3035 507 3080 vestrae
527 3030 619 3081 litteras
639 3030 795 3094 suscepimus,
810 3045 863 3094 quae
885 3043 927 3078 nos
949 3029 1076 3078 monebant
1089 3035 1115 3078 et
1130 3028 1215 3077 obnixe

145 3108 272 3170 rogabant,
287 3112 315 3156 ut
330 3108 360 3158 de
375 3107 542 3160 ecclesiasticis
560 3111 638 3161 causis
652 3110 784 3160 Ecclesiam
797 3115 903 3160 uestram
916 3108 1018 3174 qualiter
1031 3123 1104 3170 agere
1117 3107 1216 3158 deberet

145 3187 348 3238 instrueremus.»
362 3189 465 3253 (iligna,
480 3195 498 3239 t.
513 3190 599 3253 CXlX,
614 3205 654 3255 ep.
666 3191 739 3255 69,p.
751 3188 817 3253 889.)
831 3192 860 3240 In
870 3203 917 3238 una
924 3188 1023 3254 quidem
1034 3202 1117 3238 earum
1124 3187 1214 3238 Nicolai

144 3268 313 3332 epistolarum,
330 3269 523 3336 archiepiscopus
537 3271 679 3321 Viennensis
698 3285 745 3320 non
764 3269 814 3319 sine
829 3269 933 3335 quadam
948 3268 1024 3318 ironia
1037 3268 1150 3333 carpitur.
1166 3267 1214 3320 Sed

144 3348 204 3398 fides
216 3364 270 3414 quar
284 3355 336 3399 tum
348 3349 424 3400 Adoni
444 3357 497 3400 erat
515 3350 579 3415 apud
599 3350 680 3401 sedem
702 3348 856 3415 apostolicam
875 3365 921 3398 non
936 3349 1023 3398 idcirco
1040 3348 1153 3410 derogata
1167 3353 1212 3408 est,

144 3443 201 3480 cum
215 3429 302 3481 deinde
315 3429 428 3480 Nicolaus
443 3431 673 3496 archiepiscopatum
685 3432 847 3481 Viennensem
859 3429 992 3494 privilegiis
1003 3434 1075 3493 atque
1085 3427 1214 3478 honoribus

144 3511 274 3560 ornaverit.
298 3509 341 3575 (V.
356 3510 449 3560 Nicolai
470 3512 553 3576 Epist.
577 3511 612 3561 ad
632 3511 760 3576 Adonem,
775 3526 817 3575 ap.
836 3511 932 3572 Migne,
953 3515 972 3559 t.
994 3509 1080 3571 CXIX,
1099 3522 1139 3572 ep.
1158 3509 1211 3571 151,

144 3603 169 3654 p.
181 3592 256 3646 llam
275 3591 307 3642 cl.
328 3589 397 3653 lade,
413 3605 438 3640 n.
453 3590 535 3655 aeto.)
553 3592 597 3640 Est
614 3591 689 3640 etiam
702 3589 748 3640 alia
766 3589 876 3656 quredam
889 3588 980 3640 Nicolai
994 3587 1024 3637 ad
1037 3587 1146 3638 Adonem
1160 3587 1213 3650 cpi-

144 3669 214 3731 stola‚
227 3685 276 3735 qua
290 3669 482 3735 archiepiscopus
496 3670 640 3720 Viennensis
658 3670 722 3720 sedis
736 3671 869 3736 apostolicae
883 3669 992 3721 vicarius
1009 3669 1034 3717 in
1049 3674 1141 3732 septem
1154 3665 1212 3716 Gal·

142 3749 232 3802 liarum
247 3751 381 3816 provincias
398 3751 551 3802 constituitur
555 3766 565 3816 ;
580 3751 623 3802 sed
636 3751 681 3801 boo
694 3752 810 3816 scriptum
825 3751 934 3816 spurium
948 3765 1000 3800 esec
1016 3749 1114 3816 quidam
1128 3747 1211 3798 existi-

144 3837 222 3882 mant.
236 3831 277 3896 (V.
291 3831 362 3895 leffe,
377 3846 402 3882 u.
416 3833 490 3894 28773
507 3833 600 3895 Migne,
617 3839 633 3882 t.
649 3832 758 3895 cxxlll,
774 3847 799 3897 p.
813 3831 894 3896 1666.)
907 3833 957 3881 Nec
969 3829 1046 3879 solum
1060 3828 1112 3878 Ado
1125 3827 1212 3877 litteris

144 3917 169 3962 et
182 3910 262 3960 missis
275 3915 300 3960 et
314 3910 392 3961 allatis
407 3911 602 3962 consuetudinem
616 3926 673 3962 cum
686 3911 784 3962 Nicolao
803 3926 865 3976 papa
876 3911 969 3974 babuit,
984 3909 1027 3958 sed
1043 3909 1095 3972 ipse
1109 3909 1211 3957 Romam

143 3991 224 4054 venit,
244 4005 268 4040 a.
285 3993 330 4041 866
347 3992 381 4056 (v.
398 3992 522 4042 Hincmari
535 3992 662 4055 Annales,
677 3989 770 4055 a.'866‚
783 4007 808 4056 p.
821 3990 888 4055 472).
910 3993 928 4040 A
945 4003 991 4054 quo
1011 3988 1097 4054 itinere
1113 4002 1160 4037 non
1177 3987 1211 4037 ita

144 4070 238 4135 pridem
252 4070 364 4135 redierat,
375 4085 440 4134 cum,
452 4077 558 4122 extremo
567 4087 589 4122 a.
601 4073 656 4133 867,
667 4071 775 4134 legatum
785 4070 816 4120 ad
826 4064 952 4120 Nicolaum
961 4067 1035 4132 misit,
1047 4067 1088 4132 qui
1100 4069 1209 4132 Romam,

143 4151 193 4214 jam
203 4149 304 4201 sedente
315 4151 446 4215 Hadriano,
462 4151 584 4214 ingressus
598 4157 635 4202 cst
649 4151 682 4216 (r.
701 4149 814 4200 Hadriani
837 4150 861 4200 ll
878 4149 963 4212 Epist.
979 4147 1151 4212 addducere,
1169 4157 1208 4212 ep.

144 4231 238 4296 iligna,
258 4237 277 4281 t.
298 4231 397 4296 cxxfl,
418 4246 458 4297 ep.
477 4233 501 4294 2,
516 4246 541 4296 p.
557 4231 639 4296 1261).
663 4231 743 4290 Quare
763 4228 917 4279 Anastasium
932 4227 989 4277 huic
1002 4226 1082 4291 legato
1098 4242 1167 4278 suam
1180 4228 1210 4278 ad

145 4310 254 4364 Adonem
267 4310 394 4377 epistelam
407 4310 501 4362 dedisse
515 4316 540 4360 et
552 4311 622 4376 plura
631 4309 678 4362 alia
686 4311 760 4364 verbo
772 4308 920 4362 commisisse
927 4308 1082 4362 uehementer
1093 4309 1208 4376 suspicor.
