2944 5060
251 463 296 512 300
612 455 806 507 APPENDlX
831 455 946 506 PRIOR

351 624 395 684 Db}
423 620 588 683 Anasrasn
608 638 729 684 uxama
760 637 898 686 EJUSQUE
922 638 990 681 TUM
1015 635 1210 680 FAUTORIBUS

688 747 727 790 ΕΤ
749 745 865 790 AMICIS.

291 854 455 918 Dioeoesim
475 853 717 936 Aquilejensem,
740 853 773 915 in
793 872 856 934 qua
870 853 1051 916 Anastasius
1065 853 1214 935 fugitivus
1228 853 1314 914 refu-

251 964 338 1043 gium
353 963 687 1042 propugnaculumque
700 960 829 1040 invenit,
844 964 911 1023 tum
923 960 1164 1022 administrabat
1174 960 1316 1022 Theode-

251 1091 356 1133 marus
379 1071 569 1152 patriarcba,
587 1069 766 1132 Hludowioo
788 1069 968 1150 imperatori
982 1068 1222 1132 amicissimusl.
1242 1069 1314 1142 Oui,

249 1197 334 1260 vanno
355 1180 424 1251 850,
451 1176 617 1240 conventui
639 1176 796 1238 Ticinensi
816 1195 889 1237 cum
899 1176 1080 1256 Augilberlo
1089 1175 1316 1238 Mediolanensi

249 1286 486 1368 ¹archiepiscopo
500 1292 594 1366 atque
608 1286 626 1348 J
629 1285 746 1365 osepho
762 1285 1014 1365 archicapellano
1027 1282 1208 1364 praeseditl.

292 1395 382 1456 Hunc
393 1410 469 1454 vero
484 1393 633 1454 ducatum
647 1391 894 1472 Forojuliensem
904 1391 1036 1453 curabat
1047 1392 1220 1470 Evrardue,
1231 1393 1315 1454 illus-

251 1499 307 1561 tris
322 1499 374 1561 ille
394 1517 499 1561 eomes
513 1503 543 1561 et
558 1500 621 1560 dux
641 1498 679 1559 de
696 1517 757 1579 quo
777 1517 872 1579 supra
886 1498 977 1578 plura
993 1497 1083 1576 dlxii,
1105 1519 1143 1560 ex
1163 1499 1315 1562 affinitate

253 1608 427 1670 Hludowici
450 1609 477 1670 ll
505 1605 703 1687 imperatoris
726 1608 820 1686 atque
845 1605 1035 1686 compater4,
1062 1607 1115 1687 qui
1142 1611 1316 1669 comesset

251 1716 428 1777 litterarum
446 1711 706 1786 amantissimus⁵,
724 1713 861 1774 eruditos
877 1712 1018 1776 homines
1042 1713 1127 1793 apud
1149 1731 1184 1775 se
1206 1713 1316 1777 libenti

252 1821 357 1906 animo
372 1821 539 1884 retinebat.
555 1821 658 1901 Atque
673 1819 767 1899 paulo
781 1821 951 1900 antequam
965 1819 1147 1882 Anastasius
1162 1818 1203 1881 ad
1219 1822 1315 1881 Foro·

250 1928 388 2009 julianos
402 1928 597 2008 confugeret,
614 1928 773 1990 Errardus
789 1927 1038 2004 Gotbesealcum‚
1053 1925 1211 1989 famosum
1230 1927 1317 1988 illum

253 2035 462 2114 monachum,
487 2033 658 2114 fugientem
682 2031 878 2114 exceperatl.
901 2033 1000 2106 Quam
1019 2036 1125 2095 autem
1145 2033 1317 2095 amicitiam

253 2143 436 2206 Anastasius
458 2142 490 2203 in
518 2141 579 2204 boo
604 2140 709 2202 exsilio
733 2159 805 2203 cum
831 2141 969 2202 Errardo
996 2141 1076 2203 duce
1103 2143 1315 2218 contraxerat,

253 2268 325 2312 eam
346 2249 446 2312 lactus
468 2248 582 2310 deinde
606 2247 688 2309 sedis
711 2247 891 2327 apostolicae
904 2247 1162 2311 bibliothecarius
1176 2248 1316 2325 retinuit,

254 2359 289 2418 ut
302 2359 370 2419 tum
383 2355 530 2436 apparuit
542 2372 625 2429 cum,
640 2373 671 2417 a.
686 2356 756 2432 869,
772 2352 866 2416 ambo
879 2354 971 2416 simul
985 2372 1057 2417 oum
1070 2357 1220 2436 suppone
1235 2355 1318 2436 lega·

250 2464 336 2526 tione
352 2461 525 2542 Byzantina
539 2463 637 2526 innoti
655 2465 740 2525 sunt.

292 2571 521 2646 Hludowicum,
545 2570 699 2634 Hlotharii
721 2571 820 2632 filium
841 2574 936 2652 atque
957 2571 997 2633 ab
1021 2588 1102 2633 anno
1128 2572 1188 2648 850
1205 2571 1238 2633 in
1263 2571 1318 2632 im-

251 2679 339 2760 perio
354 2681 538 2740 coronatum
552 2677 733 2758 collegaml,
755 2677 786 2738 in
806 2677 882 2758 iuga
895 2679 1051 2741 Anastasii
1066 2678 1256 2758 connivisse,
1281 2699 1318 2741 ex

253 2787 313 2848 boc
323 2786 418 2849 etiam
431 2785 616 2874 intelligitur
630 2785 725 2866 quod,
743 2785 885 2866 quamvis
897 2783 1080 2848 Hlotbarius
1094 2785 1182 2847 Actis
1194 2785 1318 2848 concilii

253 2893 406 2972 generalis
421 2892 552 2954 Romani
562 2896 633 2972 post
643 2911 758 2973 papam
771 2893 1001 2972 subscripserit,
1020 2891 1193 2955 Hludowici
1212 2896 1317 2955 tamen

253 2999 439 3080 subscriptio
457 2999 489 3060 iu
504 2999 621 3060 eisdem
643 3017 707 3061 non
726 2997 912 3079 reperiturl.
933 3000 980 3061 Ad
997 3017 1091 3080 qnam
1105 3017 1180 3060 eum
1194 3018 1317 3062 summo

254 3107 400 3189 pontifice
421 3106 653 3168 contentionem
675 3106 701 3168 is
724 3106 906 3185 imperator,
928 3106 1070 3186 conjugis
1094 3105 1236 3186 imperiis
1261 3111 1318 3171 ob·

253 3215 375 3290 noxius,
383 3213 450 3296 jam
460 3213 543 3276 trahi
554 3213 657 3294 potuit
666 3212 706 3275 ab
717 3213 1027 3294 Engelberga‚quam
1040 3232 1152 3294 nempe
1161 3232 1246 3277 anno
1261 3217 1320 3279 850

253 3324 309 3383 aut
323 3338 452 3383 uxorem
466 3321 520 3382 aut
530 3318 641 3381 saltem
651 3336 799 3399 sponsam
813 3318 925 3381 habuit
934 3319 957 3392 l.

285 3468 308 3516 l.
325 3466 357 3514 V.
368 3463 503 3514 Hludowici
512 3463 598 3525 imper.
611 3463 633 3512 ll
654 3461 773 3527 Diploma
780 3476 830 3528 pro
841 3461 1016 3527 pocior-ellum
1031 3462 1189 3528 Aquilejensi
1201 3463 1320 3530 (ughelli,

253 3546 330 3598 ltalia
342 3559 423 3608 00000,
438 3548 457 3595 1.
472 3544 503 3606 0,
520 3558 546 3609 p.
558 3543 609 3609 30).
998 3569 1006 3586 ·

283 3629 307 3678 2.
326 3626 357 3676 V.
371 3626 451 3689 Perta,
465 3625 553 3689 Lepos,
567 3630 588 3705 t.
602 3625 623 3688 l,
637 3639 662 3698 p.
675 3624 731 3705 396.
770 3697 772 3704 Α

284 3710 308 3757 3.
325 3707 353 3758 10
366 3719 389 3756 0.
404 3717 443 3768 vr,
454 3719 479 3770 p.
493 3706 549 3755 245.

283 3789 306 3838 1.
323 3786 355 3836 0.
372 3784 504 3836 illudowici
518 3785 539 3835 ll
555 3785 640 3868 imper.
658 3783 777 3849 Diplomu
790 3783 908 3848 (ughelli,
922 3783 942 3837 l.
955 3799 989 3848 c.,
1003 3799 1028 3848 p.
1044 3787 1073 3836 10
1081 3785 1122 3851 A).

283 3870 307 3918 5.
326 3867 358 3916 V.
371 3879 451 3930 supra,
462 3880 488 3929 p.
503 3866 558 3928 215,
574 3867 637 3915 0.1.

283 3948 307 3998 6.
328 3946 357 3997 V.
368 3944 475 3995 Hrabani
492 3944 569 4004 Mauri
584 3944 667 4010 Epist.
682 3943 720 3994 od
730 3944 880 3995 liucardam
902 3944 1006 4024 ducem,
1028 3959 1068 4024 ap.
1088 3944 1216 4008 Sirmond,
1239 3945 1322 4010 opera

253 4027 336 4088 carlo,
352 4031 373 4076 t.
389 4027 421 4088 ll,
437 4039 462 4090 p.
476 4027 537 4076 1019
551 4038 607 4089 sqq.

283 4107 307 4157 r.
325 4106 358 4156 v.
374 4104 443 4170 000,
457 4119 482 4170 p.
499 4107 555 4156 aar.

283 4189 308 4235 a.
324 4185 358 4235 v.
374 4184 462 4248 eoleti,
475 4189 493 4235 t.
511 4185 556 4248 rx,
571 4200 598 4250 p.
612 4187 671 4237 00
682 4185 710 4236 0.

283 4267 306 4315 9.
323 4264 357 4315 V.
368 4265 495 4327 Moralem,
506 4265 678 4330 Antiquitatec
691 4264 798 4331 italice,
807 4273 826 4318 t.
838 4265 870 4330 ll,
881 4280 906 4332 p.
918 4269 976 4328 lll;
991 4265 1088 4316 Annali
1099 4263 1212 4326 dltolic,
1227 4279 1250 4315 a.
1262 4265 1321 4331 850,

253 4351 273 4398 1.
286 4344 342 4408 011,
359 4358 384 4408 p.
401 4346 446 4394 109
461 4343 529 4408 (edit.
545 4344 771 4410 111100.,0.1819).
