2944 5060
284 420 331 486 28i
502 419 655 471 ULTIMAE
679 420 882 471 tuisruslr
908 419 1129 470 PALlNODlAE

286 563 362 633 Hoc
384 563 473 632 enim
494 563 640 652 epistola,
662 584 775 651 quam,
795 572 830 631 ut
855 564 922 632 veri
943 572 992 632 est
1011 562 1233 651 simillimum,
1260 566 1345 631 Ana·

288 680 419 768 etesius,
432 699 545 748 mense
559 678 665 767 Aprili
680 700 709 747 a.
727 680 805 766 878,
820 679 934 764 legatis
948 678 1130 767 apostolicis
1144 679 1209 747 iter
1223 677 1346 768 Byzan·

288 795 395 864 tinum
406 793 666 880 ingredientibus
677 796 897 877 commiserat,
909 793 1229 883 Constantinopolim
1242 797 1344 864 serius

288 932 386 1000 quem
407 910 550 1001 oportuit
568 911 662 978 allata
683 920 743 980 est.
760 910 840 979 Erat
853 921 924 979 turn
943 911 1080 979 Photius
1098 911 1135 977 in
1154 911 1346 996 dignitatern

288 1025 535 1116 patriarchalem
554 1026 757 1115 imperatoris
777 1026 896 1096 auxilio
914 1036 946 1094 et
963 1026 1071 1095 favore
1090 1027 1297 1110 restitutus¹,
1311 1039 1346 1094 ut

284 1142 354 1234 Jam
369 1161 479 1211 serum
493 1142 658 1211 Anastasii
677 1142 833 1211 auxilium
850 1143 1153 1229 mercenariamque
1171 1143 1345 1212 amicitiam

289 1259 378 1350 parvi
394 1258 497 1329 lacere
510 1267 629 1347 posset.

331 1374 510 1462 Rescripsit
531 1374 666 1464 quidem
687 1375 880 1463 patriarcha,
901 1376 998 1463 idque
1021 1395 1153 1444 summa
1175 1375 1346 1445 verborum

288 1490 420 1582 ienitate
442 1490 662 1579 meditatoque
684 1501 952 1580 temperamento,
976 1491 1033 1560 sed
1053 1491 1123 1579 ipse
1138 1513 1207 1560 uon
1230 1492 1346 1561 oblitus

289 1627 363 1696 quae
383 1607 460 1676 olim
485 1605 525 1676 nb
557 1608 729 1677 Anastasio
759 1629 874 1697 passus
900 1616 995 1691 esset,
1033 1609 1079 1676 ita
1104 1608 1194 1676 dulci
1218 1608 1348 1678 miscuit

290 1724 445 1793 acerbum
464 1733 513 1812 ut,
529 1723 609 1792 dum
624 1725 732 1814 palem
746 1724 866 1812 gratias
884 1723 1003 1793 reterre
1019 1723 1205 1812 videbatur,
1225 1724 1347 1793 crimen

291 1839 511 1910 sollertissime
525 1838 712 1929 subjiceret,
725 1843 785 1908 hoc
805 1840 950 1908 videlicet
968 1840 1109 1928 eleganti
1124 1839 1232 1908 ironia
1244 1841 1349 1910 incul-
1449 1849 1450 1852 ’

292 1975 369 2026 cans
384 1956 487 2024 multo
501 1957 616 2024 melius
634 1965 730 2044 atque
754 1956 866 2024 utilius
889 1955 999 2040 luisse,
1022 1957 1050 2023 si
1071 1956 1240 2044 quondam
1253 1955 1348 2025 rebus

291 2071 324 2140 in
344 2071 502 2162 adversis,
523 2093 590 2140 non
609 2091 683 2142 vero
701 2082 873 2161 postquam
887 2073 953 2141 visa
969 2081 1038 2141 erat
1051 2070 1182 2140 fortuna
1196 2093 1349 2161 prospera

292 2188 411 2277 redire,
427 2190 494 2258 haec
519 2188 625 2258 oblata
646 2198 729 2258 esset
754 2189 896 2257 amicitia
920 2188 1168 2277 prestitumque
1192 2187 1347 2256 officium.
1453 2229 1454 2232 =

292 2301 347 2373 Sic
361 2305 449 2373 eninr
465 2303 680 2393 respondebat
692 2301 906 2373 Anastasio²z
924 2329 942 2369 ιι
953 2303 1050 2372 Illum
1065 2324 1137 2373 sero
1148 2303 1349 2393 subvenisse,
1454 2298 1455 2324 ¹

292 2440 368 2488 cum
382 2419 453 2508 jam
473 2429 557 2489 esset
577 2420 724 2490 conflicta
746 2441 868 2509 pugna.
894 2419 964 2489 Hoc
987 2441 1071 2490 sane.
1090 2420 1265 2490 consilium
1286 2441 1351 2488 non

325 2653 347 2701 l.
362 2649 395 2699 V.
413 2649 478 2701 Acta
494 2651 598 2700 concilii
617 2652 753 2715 Byzantius·
773 2666 796 2700 a.
812 2653 857 2702 8²19
874 2650 969 2716 (coleti,
990 2656 1010 2701 t.
1031 2652 1075 2716 lll,
1091 2666 1115 2717 p.
1130 2653 1184 2716 889,
1204 2654 1262 2716 ³92,
1283 2652 1354 2716 393);

292 2730 382 2782 Nicete
396 2731 480 2781 Vitam
492 2733 591 2796 lpnatii
605 2731 685 2796 (ibid.,
699 2737 718 2781 t.
731 2733 763 2796 x,
774 2746 798 2795 p.
813 2733 868 2795 753,
886 2734 939 2796 756,
955 2734 1010 2795 757,
1021 2733 1086 2796 780);
1105 2731 1208 2797 Styliaoi
1221 2733 1305 2796 Epist.
1319 2731 1355 2781 od

294 2809 447 2877 Stephanum
467 2825 563 2877 poponi
586 2811 606 2861 V
626 2811 704 2876 (ibid.,
725 2817 744 2861 t.
764 2813 796 2876 x,
818 2826 843 2876 p.
863 2815 918 2875 908,
937 2813 1003 2876 909).
1028 2812 1067 2863 Gi.
1088 2814 1122 2862 Le
1140 2826 1206 2877 pope
1227 2813 1356 2875 For-mose,

294 2893 561 3024 ptgt·sslg·eslt11bhoffi
575 2971 606 3022 ad
617 2972 770 3023 Anastasium
787 2973 881 3035 integra
895 2972 994 3039 epistola
1009 2987 1016 3021 :

393 3069 575 3135 Ἀναστασίῳ
596 3070 788 3136 πρεσὸυτέρῳ
808 3071 858 3120 καὶ
879 3071 1117 3138 βιάλιοθηκαρίῳ
1137 3070 1262 3134 Ῥώμης.

332 3167 382 3234 Ἀφ’
394 3171 457 3234 ἱερᾶς
471 3171 512 3231 μίν
526 3184 576 3230 σοι,
587 3168 614 3218 τὸ
627 3169 794 3234 παροιμιῶδες,
806 3170 820 3218 ὁ
833 3169 898 3230 ἁγών
911 3169 1031 3233 (Grecom
1046 3169 1110 3218 istud
1125 3169 1278 3233 proverbium
1292 3169 1355 3235 quod

294 3248 367 3300 latine
381 3249 446 3299 reddi
458 3249 497 3299 vix
509 3255 596 3314 potest,
610 3265 624 3300 a
637 3250 749 3314 quodam,
770 3255 797 3299 ut
810 3249 902 3314 opinor,
921 3249 1065 3300 calculorum
1076 3248 1131 3299 lusu
1142 3248 1287 3300 translatum
1309 3257 1355 3312 cst,

294 3344 349 3379 com
366 3343 452 3394 nempe
469 3329 486 3378 ii
502 3328 544 3394 qui
559 3328 645 3378 ludunt
663 3329 763 3378 calculos
779 3329 809 3378 ad
828 3330 914 3380 lineam
930 3345 1022 3380 sacram
1035 3344 1107 3394 quern
1124 3335 1210 3378 vocant
1229 3329 1358 3380 admovere

294 3416 421 3473 coguntur,
440 3410 465 3459 iu
483 3423 531 3474 quo
549 3415 586 3459 cst
599 3408 683 3459 ultima
695 3408 829 3460 colludeudi
843 3411 903 3460 ratio
915 3425 943 3461 ac
958 3410 1022 3472 linis)
1033 3409 1093 3474 ·ὀψὲ
1109 3409 1134 3458 δὲ
1151 3409 1193 3470 τῆς
1206 3409 1299 3474 χρείας,
1318 3411 1358 3460 καὶ

294 3491 335 3552 τῆς
346 3490 441 3554 γνώμης
454 3485 482 3541 οὗ
495 3489 625 3553 μέμφομαι.
636 3489 683 3540 Τὸν
692 3490 774 3555 καιρὸν
787 3491 807 3539 δ’
824 3491 872 3555 ὁρῶ
888 3491 1063 3556 παρελάσαντες,
1076 3489 1118 3540 καί
1136 3505 1178 3552 μοι
1191 3489 1260 3538 δοκεῖ
1274 3499 1358 3542 τοῦτον

295 3569 339 3625 οὐκ
354 3570 469 3636 ἀκόμψως
486 3571 500 3619 ὁ
520 3570 695 3634 αἰνιγματιοτὴς
715 3570 848 3628 ἀπεικάζων
866 3572 944 3633 λόγος,
966 3569 1096 3635 ἔμπροσθεν
1119 3571 1160 3634 μὲν
1183 3569 1358 3635 άκερσεκόμην,

295 3653 390 3703 ὄπισθεν
403 3651 429 3701 δὲ
443 3650 540 3716 κουρίαν
560 3651 584 3700 ἐν
599 3657 660 3716 χρῷ,
676 3651 860 3717 διογράψασθαι.
880 3651 987 3703 Ἐπειδὰν
1002 3652 1049 3716 γάρ
1068 3667 1103 3708 τις
1121 3650 1199 3700 ὀπίσω
1212 3660 1255 3704 τοῦ
1271 3651 1359 3718 χρόνον

295 3735 399 3797 γένηται,
417 3733 461 3782 κᾶν
480 3732 573 3797 μυρίαις
592 3728 663 3784 αὐτὸν
679 3731 792 3797 tutelone
807 3735 907 3797 τέχναις,
929 3730 973 3785 οὐκ
991 3731 1054 3780 ἔστιν
1075 3728 1148 3784 αὐτοῦ
1164 3731 1358 3798 περιδράξασθιιι.

302 3813 364 3866 Ἀλλ’
386 3811 441 3876 ati-pi
455 3829 495 3863 σοι
506 3813 547 3863 καὶ
564 3813 605 3873 τῆς
621 3812 660 3862 διὰ
679 3813 781 3877 βράδους
797 3814 911 3872 ἐλθούσης
927 3813 1067 3877 συμπαθοῦς
1086 3813 1256 3878 προαιρέσεως.
1277 3815 1359 3864 Φάλιον

296 3895 350 3959 γάρ,
362 3891 454 3958 cdxli-ll
465 3893 534 3960 χρείᾳ
544 3893 585 3953 τὴν
601 3893 671 3958 χάριν
685 3897 785 3958 μετρεῖν,
797 3898 826 3957 τῇ
838 3893 932 3960 προθέει
945 3893 971 3942 δὲ
983 3893 1069 3958 κρίνειν
1082 3892 1123 3950 τὴν
1138 3892 1240 3942 εὔνοιαν.
1255 3893 1358 3957 (bigne,

295 3978 324 4026 P.
338 3976 378 4036 6.,
393 3981 411 4025 t.
427 3976 480 4039 Cli,
490 3991 514 4040 p.
527 3974 593 4038 stt.)
608 3978 641 4025 nt
653 3987 709 4024 vero
723 3975 835 4038 quoniam
850 3973 986 4038 complures
1000 3974 1046 4023 riri
1061 3972 1170 4023 historici
1188 3987 1236 4036 quo
1250 3979 1359 4040 tempore

296 4055 347 4106 hee
360 4054 461 4120 epistola
477 4056 567 4120 scripta
581 4055 613 4104 sit
626 4055 775 4118 ignorarunt,
788 4061 861 4119 atque
874 4055 930 4104 inde
941 4054 971 4104 dc
984 4053 1104 4104 Anastasii
1120 4053 1289 4116 conjunctione
1304 4069 1359 4104 eom

296 4135 383 4187 Photio
403 4137 479 4188 multa
500 4135 560 4185 falsa
585 4141 713 4185 narrarunt
732 4135 765 4199 (ν.
781 4133 851 4198 inire,
866 4149 890 4199 p.
904 4137 959 4197 285,
974 4149 999 4184 n.
1014 4134 1049 4198 l),
1065 4134 1110 4183 hoc
1126 4133 1232 4198 primum
1248 4133 1359 4184 animad-

297 4217 436 4267 vertendum
447 4224 493 4281 ast,
511 4231 539 4266 ex
553 4216 598 4266 hec
615 4215 769 4280 inscriptions
786 4214 919 4265 litterarum
937 4215 1037 4280 liquere,
1056 4210 1218 4278 tenemium,
1238 4230 1294 4265 oum
1310 4215 1360 4264 haec

298 4295 465 4360 scriberentur,
480 4297 506 4346 in
519 4311 616 4346 munere
637 4295 811 4347 bibliothecarii
832 4301 904 4362 atque
927 4295 951 4346 iu
974 4294 1091 4358 dignitate
1105 4294 1246 4346 sacerdotali
1268 4296 1359 4346 cousti-
