2954 5050
279 481 324 532 2⁰6
362 477 567 530 annsrastr
587 475 778 528 lucernum
800 477 847 528 EX
867 475 1067 528 uelsrouts
1087 476 1244 527 alconti
1268 477 1283 526 1

277 624 410 693 fortasse
424 645 491 691 non
502 622 669 710 fefellerat,
684 631 808 707 tamen,
829 643 895 690 non
912 622 1086 692 immemor
1102 623 1170 710 ipse
1184 621 1353 710 solertiae,

278 739 471 807 existimavit
489 738 551 806 sibi
564 757 634 807 esse
652 739 770 807 melius
783 737 897 807 talium
912 755 1025 826 parare
1043 737 1219 805 amicitiam
1240 757 1354 824 quam

277 855 439 940 suscipere
451 853 575 921 odium.
589 853 669 921 Erat
683 863 755 921 tum
769 852 941 941 Actardus,
957 854 1127 941 episcopus
1140 851 1356 920 Namneten-

277 967 335 1051 sis,
345 967 485 1036 Romam
497 967 711 1057 profecturus,
724 968 780 1056 qui
791 989 828 1036 ex
838 967 1027 1036 auctoritate
1038 967 1153 1056 synodi
1167 966 1355 1035 Trecensis

276 1103 406 1150 summo
424 1082 568 1171 pontifici
582 1083 786 1153 renuntiaret
809 1083 889 1169 quid
912 1093 996 1151 esset
1018 1083 1140 1150 iterum
1157 1082 1193 1150 iu
1205 1083 1269 1149 boc
1289 1103 1355 1150 re-

276 1197 463 1267 centissimo
486 1198 623 1266 concilio
642 1199 683 1267 de
696 1219 793 1268 causa
807 1195 1015 1267 Wulfadiana
1032 1199 1200 1268 decretum
1211 1197 1234 1264 ¹.
1253 1196 1354 1264 Huic

276 1312 378 1400 igitur
404 1313 602 1382 Hincmerus
630 1313 717 1382 dona
744 1322 777 1383 et
803 1314 926 1382 litteras
947 1314 1119 1382 Anastasio
1145 1311 1351 1380 deferendas

276 1428 430 1517 tradidit;
468 1429 589 1516 quibus
621 1430 755 1516 litteris,
793 1439 909 1517 praeter
944 1430 1005 1497 alia
1037 1449 1110 1517 quae
1139 1427 1209 1516 jem
1240 1449 1351 1514 supra

276 1542 402 1629 attigit
417 1544 677 1633 archiepiscopus
697 1544 869 1613 Remensis
886 1544 1098 1632 profitebatur
1115 1563 1150 1611 se
1163 1543 1351 1610 Anastasio

275 1668 308 1727 et
332 1659 475 1728 multum
500 1659 619 1728 debere
647 1669 680 1730 et
708 1660 888 1747 confidere,
919 1669 951 1728 et
980 1659 1135 1729 eumdem
1164 1658 1305 1745 diligere
1316 1657 1345 1745 ³,

275 1793 383 1860 neque
404 1774 439 1841 id
457 1772 544 1863 quod
562 1795 712 1842 summus
732 1773 874 1863 pontifex
894 1773 972 1843 falso
990 1782 1102 1842 contra
1123 1795 1158 1842 se
1180 1775 1346 1861 scriptum

274 1888 409 1957 miserat
431 1910 465 1958 se
487 1891 571 1958 male
593 1889 812 1978 interpretari.
838 1889 923 1958 Nam
944 1913 962 1956 a
980 1899 1087 1960 certus
1109 1910 1196 1977 sum,
1217 1889 1344 1975 aiebat,

275 2003 435 2091 quianon
457 2004 550 2072 aliter
569 2004 638 2092 ipse
653 2004 747 2072 nobis
768 2003 950 2093 rescripsit,
970 2004 1033 2072 nisi
1051 2013 1087 2072 ut
1102 2003 1138 2070 in
1155 2003 1284 2091 scriptis
1303 2023 1345 2070 ex

274 2126 384 2187 nostra
406 2129 497 2207 perte
517 2119 579 2187 sibi
600 2119 755 2206 porrectis
778 2118 904 2188 invenit
919 2142 952 2187 o.
971 2119 1182 2186 Anastasium
1196 2118 1345 2205 denique

275 2234 411 2320 rogabat
433 2244 469 2301 ut
495 2234 692 2322 Actardum,
725 2236 870 2321 legatum
900 2234 1105 2323 episcopum,
1136 2254 1203 2300 non
1231 2234 1342 2300 solum

143 2340 170 2430 J
274 2347 418 2435 Nicolao,
443 2349 500 2416 sed
523 2350 622 2418 etiam
644 2348 785 2418 Arsenio
808 2349 1052 2418 commendaret
1060 2347 1084 2417 ⁴.
1106 2350 1186 2429 Quae
1204 2346 1341 2434 quidem

273 2461 388 2530 littera
400 2482 477 2530 cum
493 2461 532 2530 ad
547 2463 762 2532 Anastasium
774 2474 1006 2552 pervenerunt,
1024 2463 1176 2532 Nicolaus
1189 2460 1260 2550 jam
1273 2461 1341 2530 fato

273 2575 403 2644 functus
427 2576 535 2667 erat⁵3
557 2588 590 2647 at
603 2578 862 2667 archiepiscopus
880 2579 1053 2648 Remensis
1071 2579 1115 2646 ita
1132 2578 1237 2646 amice
1256 2578 1339 2646 sori·

272 2691 353 2760 bens
366 2693 428 2761 sibi
442 2695 588 2788 pulchre,
602 2703 640 2762 ut
655 2716 728 2762 mox
744 2693 940 2782 videbimus,
956 2697 1173 2762 consuluerat.

317 2807 387 2878 Hoc
400 2811 715 2878 estAnastasienum
727 2830 822 2897 opus,
835 2811 896 2876 hoc
910 2809 1094 2896 ingenium.
1112 2807 1164 2875 En
1176 2806 1264 2894 quod
1276 2806 1340 2876 iste

272 2922 560 3014 sedisapostolicae
581 2925 710 3014 glories,
732 2923 820 3012 quod
842 2923 967 2992 Nicolei
990 2923 1176 2992 contulerit.
1200 2922 1286 2992 Nem
1309 2923 1339 2991 si

272 3038 343 3127 ejus
370 3041 532 3129 pontificis
555 3061 676 3110 nomen
697 3060 735 3110 ex
756 3042 817 3108 baa
840 3037 997 3127 adjutoris
1018 3038 1162 3127 improbi
1185 3037 1338 3108 societate

271 3173 389 3244 parum
426 3155 513 3224 inter
542 3158 681 3244 aequalea
712 3154 901 3223 detrimenti
930 3153 1054 3242 cepisse
1089 3153 1230 3243 videtur,
1267 3155 1337 3222 haec

271 3289 367 3338 causa
381 3268 442 3337 fuit
452 3291 519 3339 non
530 3272 627 3340 modo
640 3270 727 3359 quod
737 3271 867 3338 multae
883 3269 1015 3338 Nicofao
1028 3268 1155 3338 fortiter
1168 3270 1337 3357 libereque

269 3393 361 3472 gesta
382 3383 490 3473 sunt⁰,
506 3385 601 3474 cujus
614 3385 744 3455 virtutis
758 3405 880 3472 magna
899 3405 969 3454 esse
990 3387 1071 3454 solet
1092 3385 1178 3474 apud
1199 3385 1336 3476 populos

270 3503 454 3593 admiratio,
473 3506 530 3575 sed
548 3505 636 3594 quod
654 3505 808 3574 eumdem
829 3506 882 3594 pie
902 3514 1079 3595 sancteque
1098 3503 1214 3574 vixisse
1234 3524 1336 3574 nove-

301 3703 325 3752 l.
342 3701 374 3752 V.
389 3701 513 3754 llincmeri
527 3699 639 3752 Acoetes
649 3715 673 3752 a.
687 3699 733 3750 867
747 3699 837 3764 (Pertz,
853 3700 873 3763 1,
888 3699 952 3764 lib).

298 3782 324 3911 ξ.
342 3782 653 3913 :ybllbltlibl'iirbtimitatibus
673 3864 697 3908 et
718 3858 878 3909 anxietatibus
898 3874 994 3924 pressus
1013 3875 1089 3926 pauca
1107 3859 1187 3910 scribo
1204 3873 1244 3909 cur
1261 3858 1338 3909 multa

269 3939 352 4003 debeo,
364 3949 389 3993 et
397 3959 469 4008 quem
478 3941 582 3994 multum
596 3941 671 4003 diligo
685 3953 713 3988 ec
724 3937 754 3988 de
766 3953 814 4003 quo
825 3939 928 3990 multum
938 3941 1039 3991 confido.
1052 3957 1066 3990 u
1078 3939 1203 3992 lliucmari
1218 3939 1337 4004 Epistula

268 4019 305 4068 ad
312 4020 477 4074 Anactorium
491 4023 607 4074 abbatem
616 4020 718 4085 (origne,
728 4023 748 4066 t.
758 4018 867 4080 CXXVI,
878 4034 902 4083 p.
916 4021 971 4084 258,
986 4026 1011 4070 et
1021 4021 1093 4084 infre,
1110 4020 1135 4070 in
1145 4017 1288 4084 Appendice
1304 4017 1336 4080 1).

299 4100 323 4150 4.
343 4117 356 4147 α
369 4101 481 4154 Vestram
494 4111 549 4169 peto
560 4101 685 4154 indubiam
700 4097 842 4148 charitatem
858 4104 886 4148 ut
895 4099 982 4150 domno
993 4100 1131 4164 apostolico,
1147 4105 1173 4150 et
1181 4099 1245 4164 patri
1257 4103 1338 4148 uestro

268 4177 379 4244 Aesonio,
389 4188 415 4231 et
427 4185 512 4235 ceteris
523 4181 679 4235 familiaribus
692 4176 780 4229 restris
797 4192 852 4228 eum
870 4180 1052 4230 commendetis.
1069 4198 1082 4228 a
1094 4179 1158 4230 ibid.

299 4259 323 4310 e.
341 4260 464 4311 Hinemari
478 4264 599 4327 Annales,
616 4278 640 4312 a.
657 4263 703 4312 eut
720 4258 809 4324 (Perta,
827 4258 848 4320 1,
863 4257 940 4322 libb·

300 4339 324 4387 6.
342 4339 372 4390 V.
389 4339 462 4404 infra,
478 4343 501 4390 in
515 4357 537 4392 c.
552 4355 588 4392 vn
