<?xml version="1.0" encoding="UTF-8"?>
<!DOCTYPE html PUBLIC "-//W3C//DTD XHTML 1.0 Transitional//EN"
    "http://www.w3.org/TR/xhtml1/DTD/xhtml1-transitional.dtd">
<html xmlns="http://www.w3.org/1999/xhtml" xml:lang="en" lang="en">
 <head>
  <title>
</title>
<meta http-equiv="Content-Type" content="text/html;charset=utf-8" />
  <meta name='ocr-system' content='tesseract 3.04.00' />
  <meta name='ocr-capabilities' content='ocr_page ocr_carea ocr_par ocr_line ocrx_word'/>
</head>
<body>
  <div class='ocr_page' id='page_1' title='image "./deanastasiobibl00lapgoog_0283.png"; bbox 0 0 2944 5060; ppageno 0'>
   <div class='ocr_carea' id='block_1_1' title="bbox 298 464 1144 530">
    <p class='ocr_par' dir='ltr' id='par_1_1' title="bbox 298 464 1144 530">
     <span class='ocr_line' id='line_1_1' title="bbox 298 464 1144 530; baseline -0.004 -13"><span class='ocrx_word' id='word_1_1' title='bbox 298 467 345 517; x_wconf 71' lang='lat'><strong>22¹⁰</strong></span> <span class='ocrx_word' id='word_1_2' title='bbox 516 467 735 529; x_wconf 67' lang='lat' dir='ltr'><strong>existam,</strong></span> <span class='ocrx_word' id='word_1_3' title='bbox 760 464 959 516; x_wconf 69' lang='lat' dir='ltr'><strong>nanniano</strong></span> <span class='ocrx_word' id='word_1_4' title='bbox 983 465 1079 518; x_wconf 70' lang='lat' dir='ltr'><strong>Para</strong></span> <span class='ocrx_word' id='word_1_5' title='bbox 1103 466 1144 530; x_wconf 88' lang='lat' dir='ltr'><strong>ii,</strong></span> 
     </span>
    </p>
   </div>
   <div class='ocr_carea' id='block_1_2' title="bbox 203 605 1446 3359">
    <p class='ocr_par' dir='ltr' id='par_1_2' title="bbox 203 605 1446 3359">
     <span class='ocr_line' id='line_1_2' title="bbox 299 605 1362 698; baseline -0.003 -20"><span class='ocrx_word' id='word_1_6' title='bbox 299 610 512 680; x_wconf 78' lang='lat' dir='ltr'><strong>Hindouiens</strong></span> <span class='ocrx_word' id='word_1_7' title='bbox 533 612 711 698; x_wconf 87' lang='lat' dir='ltr'><strong>imperator</strong></span> <span class='ocrx_word' id='word_1_8' title='bbox 729 619 925 696; x_wconf 85' lang='lat' dir='ltr'><strong>moreretur,</strong></span> <span class='ocrx_word' id='word_1_9' title='bbox 952 610 1023 696; x_wconf 87' lang='lat' dir='ltr'><strong>ipse</strong></span> <span class='ocrx_word' id='word_1_10' title='bbox 1049 609 1163 678; x_wconf 84' lang='lat' dir='ltr'><strong>CaroIo</strong></span> <span class='ocrx_word' id='word_1_11' title='bbox 1186 605 1362 697; x_wconf 88' lang='lat' dir='ltr'><strong>imperium</strong></span> 
     </span>
     <span class='ocr_line' id='line_1_3' title="bbox 299 724 1443 811; baseline -0.003 -17"><span class='ocrx_word' id='word_1_12' title='bbox 299 726 487 794; x_wconf 80' lang='lat' dir='ltr'><strong>Romanum</strong></span> <span class='ocrx_word' id='word_1_13' title='bbox 500 727 606 811; x_wconf 85' lang='lat' dir='ltr'><strong>daret,</strong></span> <span class='ocrx_word' id='word_1_14' title='bbox 628 726 758 794; x_wconf 87' lang='lat' dir='ltr'><strong>etiarnsi</strong></span> <span class='ocrx_word' id='word_1_15' title='bbox 776 745 831 794; x_wconf 86' lang='lat' dir='ltr'><strong>rex</strong></span> <span class='ocrx_word' id='word_1_16' title='bbox 848 726 930 793; x_wconf 90' lang='lat' dir='ltr'><strong>alins</strong></span> <span class='ocrx_word' id='word_1_17' title='bbox 949 726 1069 792; x_wconf 65' lang='lat' dir='ltr'><strong>mulus</strong></span> <span class='ocrx_word' id='word_1_18' title='bbox 1089 724 1217 792; x_wconf 89' lang='lat' dir='ltr'><strong>modios</strong></span> <span class='ocrx_word' id='word_1_19' title='bbox 1233 725 1309 792; x_wconf 93' lang='lat' dir='ltr'><strong>auri</strong></span> <span class='ocrx_word' id='word_1_20' title='bbox 1328 745 1362 792; x_wconf 92' lang='lat' dir='ltr'><strong>ae</strong></span> <span class='ocrx_word' id='word_1_21' title='bbox 1442 777 1443 784; x_wconf 12' lang='grc' dir='ltr'><strong>κ</strong></span> 
     </span>
     <span class='ocr_line' id='line_1_4' title="bbox 299 839 1362 929; baseline -0.003 -20"><span class='ocrx_word' id='word_1_22' title='bbox 299 842 447 910; x_wconf 88' lang='lat' dir='ltr'><strong>eumulos</strong></span> <span class='ocrx_word' id='word_1_23' title='bbox 466 840 638 909; x_wconf 85' lang='lat' dir='ltr'><strong>obtulisset</strong></span> <span class='ocrx_word' id='word_1_24' title='bbox 649 842 674 908; x_wconf 90' lang='lat'><strong>¹.</strong></span> <span class='ocrx_word' id='word_1_25' title='bbox 702 839 769 908; x_wconf 92' lang='lat' dir='ltr'><strong>Pro</strong></span> <span class='ocrx_word' id='word_1_26' title='bbox 785 861 852 929; x_wconf 92' lang='lat' dir='ltr'><strong>qua</strong></span> <span class='ocrx_word' id='word_1_27' title='bbox 872 839 1087 908; x_wconf 78' lang='lat' dir='ltr'><strong>retributione</strong></span> <span class='ocrx_word' id='word_1_28' title='bbox 1106 839 1308 927; x_wconf 86' lang='lat' dir='ltr'><strong>efflagitabat</strong></span> <span class='ocrx_word' id='word_1_29' title='bbox 1328 849 1362 906; x_wconf 89' lang='lat' dir='ltr'><strong>ut</strong></span> 
     </span>
     <span class='ocr_line' id='line_1_5' title="bbox 298 952 1444 1045; baseline -0.005 -21"><span class='ocrx_word' id='word_1_30' title='bbox 298 956 369 1024; x_wconf 88' lang='lat' dir='ltr'><strong>suis</strong></span> <span class='ocrx_word' id='word_1_31' title='bbox 395 957 588 1045; x_wconf 84' lang='lat' dir='ltr'><strong>propinquis</strong></span> <span class='ocrx_word' id='word_1_32' title='bbox 614 966 713 1044; x_wconf 87' lang='lat' dir='ltr'><strong>atque</strong></span> <span class='ocrx_word' id='word_1_33' title='bbox 745 957 860 1026; x_wconf 90' lang='lat' dir='ltr'><strong>amieis</strong></span> <span class='ocrx_word' id='word_1_34' title='bbox 890 957 980 1026; x_wconf 89' lang='lat' dir='ltr'><strong>idem</strong></span> <span class='ocrx_word' id='word_1_35' title='bbox 1009 952 1212 1043; x_wconf 85' lang='lat' dir='ltr'><strong>subsidium,</strong></span> <span class='ocrx_word' id='word_1_36' title='bbox 1242 955 1361 1025; x_wconf 75' lang='lat' dir='ltr'><strong>eaedem</strong></span> <span class='ocrx_word' id='word_1_37' title='bbox 1443 970 1444 1018; x_wconf 63' lang='grc' dir='ltr'><strong>ι</strong></span> 
     </span>
     <span class='ocr_line' id='line_1_6' title="bbox 297 1069 1361 1160; baseline -0.001 -21"><span class='ocrx_word' id='word_1_38' title='bbox 297 1072 534 1141; x_wconf 73' lang='lat' dir='ltr'><strong>eonsoiationes</strong></span> <span class='ocrx_word' id='word_1_39' title='bbox 560 1083 793 1160; x_wconf 76' lang='lat' dir='ltr'><strong>praestarentur</strong></span> <span class='ocrx_word' id='word_1_40' title='bbox 808 1093 828 1140; x_wconf 88' lang='lat' dir='ltr'><strong>a</strong></span> <span class='ocrx_word' id='word_1_41' title='bbox 843 1093 921 1160; x_wconf 86' lang='lat' dir='ltr'><strong>rege</strong></span> <span class='ocrx_word' id='word_1_42' title='bbox 939 1071 1143 1140; x_wconf 81' lang='lat' dir='ltr'><strong>Francorum</strong></span> <span class='ocrx_word' id='word_1_43' title='bbox 1168 1069 1361 1140; x_wconf 86' lang='lat' dir='ltr'><strong>Oeeidenla-</strong></span> 
     </span>
     <span class='ocr_line' id='line_1_7' title="bbox 297 1185 1359 1277; baseline -0.001 -23"><span class='ocrx_word' id='word_1_44' title='bbox 297 1186 393 1274; x_wconf 90' lang='lat' dir='ltr'><strong>iium,</strong></span> <span class='ocrx_word' id='word_1_45' title='bbox 407 1209 490 1275; x_wconf 93' lang='lat' dir='ltr'><strong>quas</strong></span> <span class='ocrx_word' id='word_1_46' title='bbox 505 1187 547 1256; x_wconf 88' lang='lat' dir='ltr'><strong>ab</strong></span> <span class='ocrx_word' id='word_1_47' title='bbox 563 1207 602 1256; x_wconf 92' lang='lat' dir='ltr'><strong>eo</strong></span> <span class='ocrx_word' id='word_1_48' title='bbox 622 1187 747 1256; x_wconf 85' lang='lat' dir='ltr'><strong>Nieoiai</strong></span> <span class='ocrx_word' id='word_1_49' title='bbox 765 1187 784 1254; x_wconf 95' lang='lat' dir='ltr'><strong>i</strong></span> <span class='ocrx_word' id='word_1_50' title='bbox 803 1187 1029 1277; x_wconf 83' lang='lat' dir='ltr'><strong>propinquitas</strong></span> <span class='ocrx_word' id='word_1_51' title='bbox 1042 1197 1076 1256; x_wconf 90' lang='lat' dir='ltr'><strong>et</strong></span> <span class='ocrx_word' id='word_1_52' title='bbox 1088 1187 1204 1256; x_wconf 86' lang='lat' dir='ltr'><strong>affines</strong></span> <span class='ocrx_word' id='word_1_53' title='bbox 1218 1185 1359 1275; x_wconf 89' lang='lat' dir='ltr'><strong>aooipere</strong></span> 
     </span>
     <span class='ocr_line' id='line_1_8' title="bbox 298 1301 1445 1371; baseline 0 -1"><span class='ocrx_word' id='word_1_54' title='bbox 298 1301 481 1371; x_wconf 85' lang='lat' dir='ltr'><strong>solebant².</strong></span> <span class='ocrx_word' id='word_1_55' title='bbox 1444 1367 1445 1370; x_wconf 74' lang='grc'>,</span> 
     </span>
     <span class='ocr_line' id='line_1_9' title="bbox 341 1417 1359 1508; baseline -0.002 -21"><span class='ocrx_word' id='word_1_56' title='bbox 341 1418 437 1498; x_wconf 82' lang='lat' dir='ltr'><strong>Quod</strong></span> <span class='ocrx_word' id='word_1_57' title='bbox 464 1429 577 1488; x_wconf 88' lang='lat' dir='ltr'><strong>autern</strong></span> <span class='ocrx_word' id='word_1_58' title='bbox 602 1419 763 1506; x_wconf 78' lang='lat' dir='ltr'><strong>agebatur</strong></span> <span class='ocrx_word' id='word_1_59' title='bbox 785 1420 827 1489; x_wconf 89' lang='lat' dir='ltr'><strong>de</strong></span> <span class='ocrx_word' id='word_1_60' title='bbox 851 1419 1029 1488; x_wconf 86' lang='lat' dir='ltr'><strong>Hiuemaro</strong></span> <span class='ocrx_word' id='word_1_61' title='bbox 1052 1421 1203 1508; x_wconf 92' lang='lat' dir='ltr'><strong>episeopo</strong></span> <span class='ocrx_word' id='word_1_62' title='bbox 1229 1417 1359 1487; x_wconf 81' lang='lat' dir='ltr'><strong>baudu-</strong></span> 
     </span>
     <span class='ocr_line' id='line_1_10' title="bbox 297 1533 1355 1623; baseline -0.002 -20"><span class='ocrx_word' id='word_1_63' title='bbox 297 1535 407 1622; x_wconf 88' lang='lat' dir='ltr'><strong>nensi,</strong></span> <span class='ocrx_word' id='word_1_64' title='bbox 424 1534 462 1602; x_wconf 92' lang='lat' dir='ltr'><strong>in</strong></span> <span class='ocrx_word' id='word_1_65' title='bbox 481 1537 543 1603; x_wconf 89' lang='lat' dir='ltr'><strong>hoe</strong></span> <span class='ocrx_word' id='word_1_66' title='bbox 562 1536 662 1605; x_wconf 87' lang='lat' dir='ltr'><strong>etiam</strong></span> <span class='ocrx_word' id='word_1_67' title='bbox 683 1535 871 1604; x_wconf 78' lang='lat' dir='ltr'><strong>Hadrianus</strong></span> <span class='ocrx_word' id='word_1_68' title='bbox 884 1533 928 1622; x_wconf 93' lang='lat' dir='ltr'><strong>II,</strong></span> <span class='ocrx_word' id='word_1_69' title='bbox 943 1545 1106 1623; x_wconf 89' lang='lat' dir='ltr'><strong>quantum</strong></span> <span class='ocrx_word' id='word_1_70' title='bbox 1127 1535 1199 1604; x_wconf 86' lang='lat' dir='ltr'><strong>fieri</strong></span> <span class='ocrx_word' id='word_1_71' title='bbox 1223 1543 1355 1623; x_wconf 71' lang='lat' dir='ltr'><strong>poteru,</strong></span> 
     </span>
     <span class='ocr_line' id='line_1_11' title="bbox 298 1649 1356 1739; baseline 0 -21"><span class='ocrx_word' id='word_1_72' title='bbox 298 1650 414 1718; x_wconf 88' lang='lat' dir='ltr'><strong>Carolo</strong></span> <span class='ocrx_word' id='word_1_73' title='bbox 439 1651 537 1719; x_wconf 82' lang='lat' dir='ltr'><strong>Calvo</strong></span> <span class='ocrx_word' id='word_1_74' title='bbox 560 1671 688 1720; x_wconf 90' lang='lat' dir='ltr'><strong>morem</strong></span> <span class='ocrx_word' id='word_1_75' title='bbox 713 1651 827 1739; x_wconf 83' lang='lat' dir='ltr'><strong>gessit.</strong></span> <span class='ocrx_word' id='word_1_76' title='bbox 860 1650 963 1739; x_wconf 88' lang='lat' dir='ltr'><strong>Nam,</strong></span> <span class='ocrx_word' id='word_1_77' title='bbox 989 1671 1067 1719; x_wconf 87' lang='lat' dir='ltr'><strong>eum</strong></span> <span class='ocrx_word' id='word_1_78' title='bbox 1095 1651 1297 1719; x_wconf 88' lang='lat' dir='ltr'><strong>Hinemarus</strong></span> <span class='ocrx_word' id='word_1_79' title='bbox 1320 1649 1356 1718; x_wconf 89' lang='lat' dir='ltr'><strong>ad</strong></span> 
     </span>
     <span class='ocr_line' id='line_1_12' title="bbox 297 1766 1358 1857; baseline -0.002 -23"><span class='ocrx_word' id='word_1_80' title='bbox 297 1766 411 1835; x_wconf 84' lang='lat' dir='ltr'><strong>sedem</strong></span> <span class='ocrx_word' id='word_1_81' title='bbox 435 1768 644 1855; x_wconf 85' lang='lat' dir='ltr'><strong>apostolieum</strong></span> <span class='ocrx_word' id='word_1_82' title='bbox 667 1769 869 1857; x_wconf 77' lang='lat' dir='ltr'><strong>appellasset,</strong></span> <span class='ocrx_word' id='word_1_83' title='bbox 890 1768 968 1835; x_wconf 92' lang='lat' dir='ltr'><strong>huie</strong></span> <span class='ocrx_word' id='word_1_84' title='bbox 986 1767 1121 1855; x_wconf 86' lang='lat' dir='ltr'><strong>quidem</strong></span> <span class='ocrx_word' id='word_1_85' title='bbox 1141 1787 1275 1836; x_wconf 86' lang='lat' dir='ltr'><strong>neeesse</strong></span> <span class='ocrx_word' id='word_1_86' title='bbox 1294 1775 1358 1835; x_wconf 87' lang='lat' dir='ltr'><strong>erat</strong></span> 
     </span>
     <span class='ocr_line' id='line_1_13' title="bbox 298 1877 1446 1971; baseline -0.002 -21"><span class='ocrx_word' id='word_1_87' title='bbox 298 1892 335 1950; x_wconf 89' lang='lat' dir='ltr'><strong>ut</strong></span> <span class='ocrx_word' id='word_1_88' title='bbox 363 1882 505 1950; x_wconf 82' lang='lat' dir='ltr'><strong>liomam</strong></span> <span class='ocrx_word' id='word_1_89' title='bbox 530 1883 683 1952; x_wconf 82' lang='lat' dir='ltr'><strong>veniendi</strong></span> <span class='ocrx_word' id='word_1_90' title='bbox 710 1884 845 1951; x_wconf 90' lang='lat' dir='ltr'><strong>daretur</strong></span> <span class='ocrx_word' id='word_1_91' title='bbox 868 1893 1026 1971; x_wconf 80' lang='lat' dir='ltr'><strong>potestas3</strong></span> <span class='ocrx_word' id='word_1_92' title='bbox 1062 1881 1120 1952; x_wconf 82' lang='lat' dir='ltr'><strong>sed</strong></span> <span class='ocrx_word' id='word_1_93' title='bbox 1154 1884 1244 1952; x_wconf 90' lang='lat' dir='ltr'><strong>inter</strong></span> <span class='ocrx_word' id='word_1_94' title='bbox 1278 1881 1357 1951; x_wconf 87' lang='lat' dir='ltr'><strong>bane</strong></span> <span class='ocrx_word' id='word_1_95' title='bbox 1445 1877 1446 1886; x_wconf 73' lang='grc'>’</span> 
     </span>
     <span class='ocr_line' id='line_1_14' title="bbox 297 1997 1356 2088; baseline -0.004 -20"><span class='ocrx_word' id='word_1_96' title='bbox 297 2019 389 2088; x_wconf 80' lang='lat' dir='ltr'><strong>papae</strong></span> <span class='ocrx_word' id='word_1_97' title='bbox 410 2000 610 2069; x_wconf 86' lang='lat' dir='ltr'><strong>voluntatem</strong></span> <span class='ocrx_word' id='word_1_98' title='bbox 625 2008 658 2068; x_wconf 89' lang='lat' dir='ltr'><strong>et</strong></span> <span class='ocrx_word' id='word_1_99' title='bbox 680 2019 720 2066; x_wconf 89' lang='lat' dir='ltr'><strong>ea</strong></span> <span class='ocrx_word' id='word_1_100' title='bbox 744 2019 818 2086; x_wconf 82' lang='lat' dir='ltr'><strong>quae</strong></span> <span class='ocrx_word' id='word_1_101' title='bbox 843 2015 948 2087; x_wconf 88' lang='lat' dir='ltr'><strong>nuper</strong></span> <span class='ocrx_word' id='word_1_102' title='bbox 972 1999 1167 2067; x_wconf 86' lang='lat' dir='ltr'><strong>Anastasius</strong></span> <span class='ocrx_word' id='word_1_103' title='bbox 1186 1998 1228 2068; x_wconf 89' lang='lat' dir='ltr'><strong>de</strong></span> <span class='ocrx_word' id='word_1_104' title='bbox 1248 1997 1356 2068; x_wconf 83' lang='lat' dir='ltr'><strong>eedem</strong></span> 
     </span>
     <span class='ocr_line' id='line_1_15' title="bbox 297 2113 1356 2203; baseline -0.002 -21"><span class='ocrx_word' id='word_1_105' title='bbox 297 2133 335 2182; x_wconf 91' lang='lat' dir='ltr'><strong>re</strong></span> <span class='ocrx_word' id='word_1_106' title='bbox 345 2124 553 2203; x_wconf 73' lang='lat' dir='ltr'><strong>praeeperat,</strong></span> <span class='ocrx_word' id='word_1_107' title='bbox 565 2113 601 2182; x_wconf 92' lang='lat' dir='ltr'><strong>id</strong></span> <span class='ocrx_word' id='word_1_108' title='bbox 614 2114 770 2183; x_wconf 84' lang='lat' dir='ltr'><strong>intererat</strong></span> <span class='ocrx_word' id='word_1_109' title='bbox 783 2114 873 2202; x_wconf 92' lang='lat' dir='ltr'><strong>quod</strong></span> <span class='ocrx_word' id='word_1_110' title='bbox 890 2115 952 2183; x_wconf 88' lang='lat' dir='ltr'><strong>iste</strong></span> <span class='ocrx_word' id='word_1_111' title='bbox 963 2123 1086 2184; x_wconf 86' lang='lat' dir='ltr'><strong>veteres</strong></span> <span class='ocrx_word' id='word_1_112' title='bbox 1100 2131 1257 2201; x_wconf 81' lang='lat' dir='ltr'><strong>canones,</strong></span> <span class='ocrx_word' id='word_1_113' title='bbox 1272 2132 1356 2182; x_wconf 89' lang='lat' dir='ltr'><strong>more</strong></span> 
     </span>
     <span class='ocr_line' id='line_1_16' title="bbox 297 2228 1355 2319; baseline 0.001 -24"><span class='ocrx_word' id='word_1_114' title='bbox 297 2228 644 2317; x_wconf 88' lang='lat' dir='ltr'><strong>Pseudo-isidoriano,</strong></span> <span class='ocrx_word' id='word_1_115' title='bbox 672 2230 770 2298; x_wconf 90' lang='lat' dir='ltr'><strong>aliam</strong></span> <span class='ocrx_word' id='word_1_116' title='bbox 792 2229 828 2296; x_wconf 91' lang='lat' dir='ltr'><strong>in</strong></span> <span class='ocrx_word' id='word_1_117' title='bbox 855 2239 982 2319; x_wconf 84' lang='lat' dir='ltr'><strong>partem</strong></span> <span class='ocrx_word' id='word_1_118' title='bbox 1005 2229 1198 2318; x_wconf 77' lang='lat' dir='ltr'><strong>traducens,</strong></span> <span class='ocrx_word' id='word_1_119' title='bbox 1225 2238 1355 2298; x_wconf 90' lang='lat' dir='ltr'><strong>eonten-</strong></span> 
     </span>
     <span class='ocr_line' id='line_1_17' title="bbox 297 2344 1356 2433; baseline -0.003 -21"><span class='ocrx_word' id='word_1_120' title='bbox 297 2344 397 2412; x_wconf 88' lang='lat' dir='ltr'><strong>debat</strong></span> <span class='ocrx_word' id='word_1_121' title='bbox 408 2347 624 2432; x_wconf 85' lang='lat' dir='ltr'><strong>appellantem</strong></span> <span class='ocrx_word' id='word_1_122' title='bbox 640 2344 859 2413; x_wconf 83' lang='lat' dir='ltr'><strong>Hinemarum</strong></span> <span class='ocrx_word' id='word_1_123' title='bbox 877 2345 919 2414; x_wconf 89' lang='lat' dir='ltr'><strong>ab</strong></span> <span class='ocrx_word' id='word_1_124' title='bbox 939 2345 1098 2433; x_wconf 89' lang='lat' dir='ltr'><strong>episeopis</strong></span> <span class='ocrx_word' id='word_1_125' title='bbox 1111 2344 1282 2433; x_wconf 78' lang='lat' dir='ltr'><strong>judicibus</strong></span> <span class='ocrx_word' id='word_1_126' title='bbox 1296 2363 1356 2411; x_wconf 94' lang='lat' dir='ltr'><strong>non</strong></span> 
     </span>
     <span class='ocr_line' id='line_1_18' title="bbox 293 2457 1355 2550; baseline -0.001 -23"><span class='ocrx_word' id='word_1_127' title='bbox 293 2457 371 2546; x_wconf 85' lang='lat' dir='ltr'><strong>jure</strong></span> <span class='ocrx_word' id='word_1_128' title='bbox 397 2477 469 2528; x_wconf 85' lang='lat' dir='ltr'><strong>esse</strong></span> <span class='ocrx_word' id='word_1_129' title='bbox 497 2460 769 2547; x_wconf 81' lang='lat' dir='ltr'><strong>condemnatum,</strong></span> <span class='ocrx_word' id='word_1_130' title='bbox 798 2467 896 2550; x_wconf 86' lang='lat' dir='ltr'><strong>atque</strong></span> <span class='ocrx_word' id='word_1_131' title='bbox 920 2481 1002 2549; x_wconf 91' lang='lat' dir='ltr'><strong>opus</strong></span> <span class='ocrx_word' id='word_1_132' title='bbox 1023 2479 1094 2529; x_wconf 87' lang='lat' dir='ltr'><strong>esse</strong></span> <span class='ocrx_word' id='word_1_133' title='bbox 1118 2470 1155 2530; x_wconf 89' lang='lat' dir='ltr'><strong>ut</strong></span> <span class='ocrx_word' id='word_1_134' title='bbox 1179 2459 1295 2530; x_wconf 83' lang='lat' dir='ltr'><strong>Romae</strong></span> <span class='ocrx_word' id='word_1_135' title='bbox 1319 2457 1355 2526; x_wconf 86' lang='lat' dir='ltr'><strong>ab</strong></span> 
     </span>
     <span class='ocr_line' id='line_1_19' title="bbox 203 2573 1355 2664; baseline 0 -24"><span class='ocrx_word' id='word_1_136' title='bbox 203 2613 207 2620; x_wconf 92' lang='lat'>·</span> <span class='ocrx_word' id='word_1_137' title='bbox 297 2573 369 2661; x_wconf 88' lang='lat' dir='ltr'><strong>ipso</strong></span> <span class='ocrx_word' id='word_1_138' title='bbox 400 2575 553 2664; x_wconf 83' lang='lat' dir='ltr'><strong>pontifice</strong></span> <span class='ocrx_word' id='word_1_139' title='bbox 584 2575 736 2644; x_wconf 87' lang='lat' dir='ltr'><strong>Romano</strong></span> <span class='ocrx_word' id='word_1_140' title='bbox 766 2575 930 2644; x_wconf 88' lang='lat' dir='ltr'><strong>sententia</strong></span> <span class='ocrx_word' id='word_1_141' title='bbox 955 2573 1131 2663; x_wconf 83' lang='lat' dir='ltr'><strong>diaeretur,</strong></span> <span class='ocrx_word' id='word_1_142' title='bbox 1173 2573 1355 2644; x_wconf 81' lang='lat' dir='ltr'><strong>Hadrianus</strong></span> 
     </span>
     <span class='ocr_line' id='line_1_20' title="bbox 297 2688 1357 2780; baseline -0.003 -23"><span class='ocrx_word' id='word_1_143' title='bbox 297 2698 423 2779; x_wconf 91' lang='lat' dir='ltr'><strong>eontra,</strong></span> <span class='ocrx_word' id='word_1_144' title='bbox 439 2689 666 2760; x_wconf 89' lang='lat' dir='ltr'><strong>Sardieensem</strong></span> <span class='ocrx_word' id='word_1_145' title='bbox 681 2692 788 2776; x_wconf 83' lang='lat' dir='ltr'><strong>legem</strong></span> <span class='ocrx_word' id='word_1_146' title='bbox 806 2689 966 2758; x_wconf 87' lang='lat' dir='ltr'><strong>sineerius</strong></span> <span class='ocrx_word' id='word_1_147' title='bbox 987 2691 1221 2780; x_wconf 86' lang='lat' dir='ltr'><strong>interpretans,</strong></span> <span class='ocrx_word' id='word_1_148' title='bbox 1234 2688 1357 2758; x_wconf 81' lang='lat' dir='ltr'><strong>censuit</strong></span> 
     </span>
     <span class='ocr_line' id='line_1_21' title="bbox 298 2803 1356 2895; baseline -0.003 -21"><span class='ocrx_word' id='word_1_149' title='bbox 298 2823 369 2874; x_wconf 90' lang='lat' dir='ltr'><strong>rem</strong></span> <span class='ocrx_word' id='word_1_150' title='bbox 387 2805 423 2873; x_wconf 94' lang='lat' dir='ltr'><strong>in</strong></span> <span class='ocrx_word' id='word_1_151' title='bbox 442 2806 565 2895; x_wconf 78' lang='lat' dir='ltr'><strong>synodo</strong></span> <span class='ocrx_word' id='word_1_152' title='bbox 578 2805 771 2874; x_wconf 80' lang='lat' dir='ltr'><strong>Duriaeensi</strong></span> <span class='ocrx_word' id='word_1_153' title='bbox 788 2803 969 2894; x_wconf 83' lang='lat' dir='ltr'><strong>judicatam</strong></span> <span class='ocrx_word' id='word_1_154' title='bbox 992 2805 1116 2875; x_wconf 86' lang='lat' dir='ltr'><strong>interea</strong></span> <span class='ocrx_word' id='word_1_155' title='bbox 1137 2827 1209 2876; x_wconf 86' lang='lat' dir='ltr'><strong>esse</strong></span> <span class='ocrx_word' id='word_1_156' title='bbox 1231 2824 1356 2875; x_wconf 81' lang='lat' dir='ltr'><strong>serran-</strong></span> 
     </span>
     <span class='ocr_line' id='line_1_22' title="bbox 297 2917 1356 3011; baseline 0 -24"><span class='ocrx_word' id='word_1_157' title='bbox 297 2919 387 3008; x_wconf 90' lang='lat' dir='ltr'><strong>dam,</strong></span> <span class='ocrx_word' id='word_1_158' title='bbox 407 2921 510 2990; x_wconf 92' lang='lat' dir='ltr'><strong>donee</strong></span> <span class='ocrx_word' id='word_1_159' title='bbox 528 2922 706 3009; x_wconf 89' lang='lat' dir='ltr'><strong>appellatus</strong></span> <span class='ocrx_word' id='word_1_160' title='bbox 723 2920 867 3009; x_wconf 80' lang='lat' dir='ltr'><strong>pontifex</strong></span> <span class='ocrx_word' id='word_1_161' title='bbox 885 2921 1069 3011; x_wconf 88' lang='lat' dir='ltr'><strong>Romanus,</strong></span> <span class='ocrx_word' id='word_1_162' title='bbox 1083 2943 1150 2992; x_wconf 94' lang='lat' dir='ltr'><strong>non</strong></span> <span class='ocrx_word' id='word_1_163' title='bbox 1163 2921 1292 3010; x_wconf 77' lang='lat' dir='ltr'><strong>Rome,</strong></span> <span class='ocrx_word' id='word_1_164' title='bbox 1304 2917 1356 2990; x_wconf 90' lang='lat' dir='ltr'><strong>sed</strong></span> 
     </span>
     <span class='ocr_line' id='line_1_23' title="bbox 297 3035 1355 3127; baseline 0 -23"><span class='ocrx_word' id='word_1_165' title='bbox 297 3036 334 3104; x_wconf 90' lang='lat' dir='ltr'><strong>in</strong></span> <span class='ocrx_word' id='word_1_166' title='bbox 350 3035 465 3105; x_wconf 89' lang='lat' dir='ltr'><strong>eadem</strong></span> <span class='ocrx_word' id='word_1_167' title='bbox 485 3036 651 3125; x_wconf 87' lang='lat' dir='ltr'><strong>provincia</strong></span> <span class='ocrx_word' id='word_1_168' title='bbox 671 3035 708 3103; x_wconf 92' lang='lat' dir='ltr'><strong>in</strong></span> <span class='ocrx_word' id='word_1_169' title='bbox 728 3057 794 3124; x_wconf 90' lang='lat' dir='ltr'><strong>qua</strong></span> <span class='ocrx_word' id='word_1_170' title='bbox 814 3037 854 3105; x_wconf 90' lang='lat' dir='ltr'><strong>iis</strong></span> <span class='ocrx_word' id='word_1_171' title='bbox 868 3039 1044 3127; x_wconf 83' lang='lat' dir='ltr'><strong>exstiterat,</strong></span> <span class='ocrx_word' id='word_1_172' title='bbox 1066 3058 1126 3126; x_wconf 84' lang='lat' dir='ltr'><strong>per</strong></span> <span class='ocrx_word' id='word_1_173' title='bbox 1141 3059 1220 3107; x_wconf 91' lang='lat' dir='ltr'><strong>suos</strong></span> <span class='ocrx_word' id='word_1_174' title='bbox 1240 3039 1355 3126; x_wconf 86' lang='lat' dir='ltr'><strong>legatos</strong></span> 
     </span>
     <span class='ocr_line' id='line_1_24' title="bbox 298 3151 1354 3244; baseline -0.002 -24"><span class='ocrx_word' id='word_1_175' title='bbox 298 3159 355 3220; x_wconf 86' lang='lat' dir='ltr'><strong>aut</strong></span> <span class='ocrx_word' id='word_1_176' title='bbox 377 3152 493 3222; x_wconf 84' lang='lat' dir='ltr'><strong>eleetos</strong></span> <span class='ocrx_word' id='word_1_177' title='bbox 516 3151 645 3240; x_wconf 85' lang='lat' dir='ltr'><strong>judiees</strong></span> <span class='ocrx_word' id='word_1_178' title='bbox 671 3153 712 3221; x_wconf 91' lang='lat' dir='ltr'><strong>de</strong></span> <span class='ocrx_word' id='word_1_179' title='bbox 735 3172 771 3221; x_wconf 88' lang='lat' dir='ltr'><strong>ro</strong></span> <span class='ocrx_word' id='word_1_180' title='bbox 791 3151 1001 3243; x_wconf 82' lang='lat' dir='ltr'><strong>praejudicata</strong></span> <span class='ocrx_word' id='word_1_181' title='bbox 1026 3153 1215 3223; x_wconf 73' lang='lat' dir='ltr'><strong>firmissimo</strong></span> <span class='ocrx_word' id='word_1_182' title='bbox 1236 3151 1354 3244; x_wconf 87' lang='lat' dir='ltr'><strong>judicio</strong></span> 
     </span>
     <span class='ocr_line' id='line_1_25' title="bbox 298 3265 1352 3359; baseline 0.002 -23"><span class='ocrx_word' id='word_1_183' title='bbox 298 3268 463 3337; x_wconf 88' lang='lat' dir='ltr'><strong>statuisset</strong></span> <span class='ocrx_word' id='word_1_184' title='bbox 472 3265 497 3336; x_wconf 79' lang='lat'><strong>³.</strong></span> <span class='ocrx_word' id='word_1_185' title='bbox 521 3266 570 3335; x_wconf 87' lang='lat' dir='ltr'><strong>ita</strong></span> <span class='ocrx_word' id='word_1_186' title='bbox 593 3288 709 3337; x_wconf 87' lang='lat' dir='ltr'><strong>verum</strong></span> <span class='ocrx_word' id='word_1_187' title='bbox 736 3278 785 3337; x_wconf 78' lang='lat' dir='ltr'><strong>est</strong></span> <span class='ocrx_word' id='word_1_188' title='bbox 808 3269 842 3336; x_wconf 92' lang='lat' dir='ltr'><strong>id</strong></span> <span class='ocrx_word' id='word_1_189' title='bbox 865 3269 953 3358; x_wconf 93' lang='lat' dir='ltr'><strong>quod</strong></span> <span class='ocrx_word' id='word_1_190' title='bbox 974 3291 1073 3359; x_wconf 88' lang='lat' dir='ltr'><strong>supra</strong></span> <span class='ocrx_word' id='word_1_191' title='bbox 1096 3290 1181 3358; x_wconf 80' lang='lat' dir='ltr'><strong>saepo</strong></span> <span class='ocrx_word' id='word_1_192' title='bbox 1204 3269 1352 3352; x_wconf 81' lang='lat' dir='ltr'><strong>diximus,</strong></span> 
     </span>
    </p>
   </div>
   <div class='ocr_carea' id='block_1_3' title="bbox 294 3452 1355 4395">
    <p class='ocr_par' dir='ltr' id='par_1_3' title="bbox 295 3452 1355 3840">
     <span class='ocr_line' id='line_1_26' title="bbox 328 3452 1355 3519; baseline -0.001 -15"><span class='ocrx_word' id='word_1_193' title='bbox 328 3455 353 3504; x_wconf 88' lang='lat' dir='ltr'><strong>l.</strong></span> <span class='ocrx_word' id='word_1_194' title='bbox 369 3452 472 3503; x_wconf 78' lang='lat' dir='ltr'><strong>«Vobis</strong></span> <span class='ocrx_word' id='word_1_195' title='bbox 484 3453 626 3504; x_wconf 84' lang='lat' dir='ltr'><strong>eonfitemur</strong></span> <span class='ocrx_word' id='word_1_196' title='bbox 636 3453 783 3519; x_wconf 78' lang='lat' dir='ltr'><strong>deuorando,</strong></span> <span class='ocrx_word' id='word_1_197' title='bbox 797 3461 823 3506; x_wconf 82' lang='lat' dir='ltr'><strong>et</strong></span> <span class='ocrx_word' id='word_1_198' title='bbox 838 3453 985 3505; x_wconf 84' lang='lat' dir='ltr'><strong>notaseinrus</strong></span> <span class='ocrx_word' id='word_1_199' title='bbox 1004 3453 1153 3518; x_wconf 78' lang='lat' dir='ltr'><strong>affirmando,</strong></span> <span class='ocrx_word' id='word_1_200' title='bbox 1166 3453 1235 3505; x_wconf 75' lang='lat' dir='ltr'><strong>arira</strong></span> <span class='ocrx_word' id='word_1_201' title='bbox 1247 3453 1355 3504; x_wconf 79' lang='lat' dir='ltr'><strong>ildaiitate</strong></span> 
     </span>
     <span class='ocr_line' id='line_1_27' title="bbox 296 3531 1354 3600; baseline -0.002 -18"><span class='ocrx_word' id='word_1_202' title='bbox 296 3531 448 3598; x_wconf 85' lang='lat' dir='ltr'><strong>imperatoria</strong></span> <span class='ocrx_word' id='word_1_203' title='bbox 469 3534 551 3596; x_wconf 85' lang='lat' dir='ltr'><strong>nostri,</strong></span> <span class='ocrx_word' id='word_1_204' title='bbox 572 3534 629 3598; x_wconf 87' lang='lat' dir='ltr'><strong>quia</strong></span> <span class='ocrx_word' id='word_1_205' title='bbox 651 3535 671 3583; x_wconf 85' lang='lat' dir='ltr'><strong>ai</strong></span> <span class='ocrx_word' id='word_1_206' title='bbox 693 3541 816 3600; x_wconf 76' lang='lat' dir='ltr'><strong>superstes</strong></span> <span class='ocrx_word' id='word_1_207' title='bbox 839 3536 862 3584; x_wconf 85' lang='lat' dir='ltr'><strong>ei</strong></span> <span class='ocrx_word' id='word_1_208' title='bbox 883 3534 956 3584; x_wconf 82' lang='lat' dir='ltr'><strong>luerit</strong></span> <span class='ocrx_word' id='word_1_209' title='bbox 979 3539 1060 3584; x_wconf 64' lang='lat' dir='ltr'><strong>rerba</strong></span> <span class='ocrx_word' id='word_1_210' title='bbox 1079 3533 1202 3597; x_wconf 80' lang='lat' dir='ltr'><strong>nobilitas,</strong></span> <span class='ocrx_word' id='word_1_211' title='bbox 1227 3535 1278 3586; x_wconf 74' lang='lat' dir='ltr'><strong>rita</strong></span> <span class='ocrx_word' id='word_1_212' title='bbox 1294 3532 1354 3584; x_wconf 81' lang='lat' dir='ltr'><strong>nebia</strong></span> 
     </span>
     <span class='ocr_line' id='line_1_28' title="bbox 295 3612 1354 3678; baseline 0 -14"><span class='ocrx_word' id='word_1_213' title='bbox 295 3614 393 3673; x_wconf 84' lang='lat' dir='ltr'><strong>eomite,</strong></span> <span class='ocrx_word' id='word_1_214' title='bbox 403 3613 424 3662; x_wconf 87' lang='lat' dir='ltr'><strong>si</strong></span> <span class='ocrx_word' id='word_1_215' title='bbox 435 3612 529 3664; x_wconf 85' lang='lat' dir='ltr'><strong>dederit</strong></span> <span class='ocrx_word' id='word_1_216' title='bbox 535 3613 605 3662; x_wconf 85' lang='lat' dir='ltr'><strong>nobis</strong></span> <span class='ocrx_word' id='word_1_217' title='bbox 618 3613 735 3678; x_wconf 79' lang='lat' dir='ltr'><strong>quislibet</strong></span> <span class='ocrx_word' id='word_1_218' title='bbox 744 3614 876 3665; x_wconf 86' lang='lat' dir='ltr'><strong>multorum</strong></span> <span class='ocrx_word' id='word_1_219' title='bbox 884 3615 1020 3664; x_wconf 88' lang='lat' dir='ltr'><strong>modiorum</strong></span> <span class='ocrx_word' id='word_1_220' title='bbox 1032 3615 1086 3664; x_wconf 83' lang='lat' dir='ltr'><strong>auri</strong></span> <span class='ocrx_word' id='word_1_221' title='bbox 1095 3613 1229 3678; x_wconf 89' lang='lat' dir='ltr'><strong>eumuium,</strong></span> <span class='ocrx_word' id='word_1_222' title='bbox 1240 3625 1354 3678; x_wconf 81' lang='lat' dir='ltr'><strong>uunquam</strong></span> 
     </span>
     <span class='ocr_line' id='line_1_29' title="bbox 296 3694 1354 3760; baseline -0.001 -16"><span class='ocrx_word' id='word_1_223' title='bbox 296 3694 489 3759; x_wconf 71' lang='lat' dir='ltr'><strong>aequiescamus,</strong></span> <span class='ocrx_word' id='word_1_224' title='bbox 515 3707 683 3758; x_wconf 82' lang='lat' dir='ltr'><strong>exposcemus,</strong></span> <span class='ocrx_word' id='word_1_225' title='bbox 704 3701 747 3744; x_wconf 86' lang='lat' dir='ltr'><strong>aut</strong></span> <span class='ocrx_word' id='word_1_226' title='bbox 770 3701 854 3760; x_wconf 85' lang='lat' dir='ltr'><strong>sponte</strong></span> <span class='ocrx_word' id='word_1_227' title='bbox 878 3695 1039 3759; x_wconf 78' lang='lat' dir='ltr'><strong>suscipiamus</strong></span> <span class='ocrx_word' id='word_1_228' title='bbox 1060 3694 1137 3746; x_wconf 80' lang='lat' dir='ltr'><strong>alium</strong></span> <span class='ocrx_word' id='word_1_229' title='bbox 1158 3695 1184 3743; x_wconf 91' lang='lat' dir='ltr'><strong>iu</strong></span> <span class='ocrx_word' id='word_1_230' title='bbox 1208 3709 1312 3757; x_wconf 69' lang='lat' dir='ltr'><strong>reguum</strong></span> <span class='ocrx_word' id='word_1_231' title='bbox 1333 3695 1354 3742; x_wconf 76' lang='lat' dir='ltr'><strong>rt</strong></span> 
     </span>
     <span class='ocr_line' id='line_1_30' title="bbox 296 3771 1063 3840; baseline 0.004 -17"><span class='ocrx_word' id='word_1_232' title='bbox 296 3771 426 3840; x_wconf 88' lang='lat' dir='ltr'><strong>imparium</strong></span> <span class='ocrx_word' id='word_1_233' title='bbox 439 3775 575 3824; x_wconf 84' lang='lat' dir='ltr'><strong>Romanurn</strong></span> <span class='ocrx_word' id='word_1_234' title='bbox 585 3773 631 3824; x_wconf 84' lang='lat' dir='ltr'><strong>nisi</strong></span> <span class='ocrx_word' id='word_1_235' title='bbox 644 3773 781 3840; x_wconf 77' lang='lat' dir='ltr'><strong>teipsum.»</strong></span> <span class='ocrx_word' id='word_1_236' title='bbox 795 3775 867 3838; x_wconf 84' lang='lat' dir='ltr'><strong>ibid,</strong></span> <span class='ocrx_word' id='word_1_237' title='bbox 881 3791 907 3840; x_wconf 89' lang='lat' dir='ltr'><strong>p.</strong></span> <span class='ocrx_word' id='word_1_238' title='bbox 921 3777 1063 3826; x_wconf 73' lang='lat' dir='ltr'><strong>iurelure.</strong></span> 
     </span>
    </p>

    <p class='ocr_par' dir='ltr' id='par_1_4' title="bbox 295 3851 1353 4080">
     <span class='ocr_line' id='line_1_31' title="bbox 326 3851 1353 3920; baseline -0.001 -15"><span class='ocrx_word' id='word_1_239' title='bbox 326 3855 351 3905; x_wconf 65' lang='grc' dir='ltr'><strong>ἱ).</strong></span> <span class='ocrx_word' id='word_1_240' title='bbox 369 3855 472 3914; x_wconf 79' lang='lat' dir='ltr'><strong>«Quam</strong></span> <span class='ocrx_word' id='word_1_241' title='bbox 494 3853 626 3919; x_wconf 82' lang='lat' dir='ltr'><strong>(Garolnrn)</strong></span> <span class='ocrx_word' id='word_1_242' title='bbox 644 3854 749 3918; x_wconf 83' lang='lat' dir='ltr'><strong>profecte</strong></span> <span class='ocrx_word' id='word_1_243' title='bbox 771 3869 904 3920; x_wconf 61' lang='lat' dir='ltr'><strong>moremus,</strong></span> <span class='ocrx_word' id='word_1_244' title='bbox 917 3855 937 3904; x_wconf 85' lang='lat' dir='ltr'><strong>ai</strong></span> <span class='ocrx_word' id='word_1_245' title='bbox 955 3855 1025 3913; x_wconf 81' lang='lat' dir='ltr'><strong>nobis</strong></span> <span class='ocrx_word' id='word_1_246' title='bbox 1041 3860 1163 3918; x_wconf 76' lang='lat' dir='ltr'><strong>suparatur</strong></span> <span class='ocrx_word' id='word_1_247' title='bbox 1177 3854 1260 3916; x_wconf 83' lang='lat' dir='ltr'><strong>fuerit,</strong></span> <span class='ocrx_word' id='word_1_248' title='bbox 1274 3851 1353 3904; x_wconf 65' lang='lat' dir='ltr'><strong>nadair</strong></span> 
     </span>
     <span class='ocr_line' id='line_1_32' title="bbox 295 3933 1351 4000; baseline -0.005 -15"><span class='ocrx_word' id='word_1_249' title='bbox 295 3934 408 3985; x_wconf 83' lang='lat' dir='ltr'><strong>amnibus</strong></span> <span class='ocrx_word' id='word_1_250' title='bbox 418 3934 557 4000; x_wconf 82' lang='lat' dir='ltr'><strong>propinquis</strong></span> <span class='ocrx_word' id='word_1_251' title='bbox 565 3939 591 3983; x_wconf 86' lang='lat' dir='ltr'><strong>et</strong></span> <span class='ocrx_word' id='word_1_252' title='bbox 601 3934 685 3984; x_wconf 85' lang='lat' dir='ltr'><strong>amieis</strong></span> <span class='ocrx_word' id='word_1_253' title='bbox 696 3949 794 3984; x_wconf 86' lang='lat' dir='ltr'><strong>manum</strong></span> <span class='ocrx_word' id='word_1_254' title='bbox 806 3936 929 3999; x_wconf 73' lang='lat' dir='ltr'><strong>porrigere</strong></span> <span class='ocrx_word' id='word_1_255' title='bbox 941 3934 1117 3998; x_wconf 81' lang='lat' dir='ltr'><strong>eeuroiationis,</strong></span> <span class='ocrx_word' id='word_1_256' title='bbox 1132 3934 1238 3986; x_wconf 82' lang='lat' dir='ltr'><strong>indolem</strong></span> <span class='ocrx_word' id='word_1_257' title='bbox 1250 3941 1275 3985; x_wconf 85' lang='lat' dir='ltr'><strong>at</strong></span> <span class='ocrx_word' id='word_1_258' title='bbox 1288 3933 1351 3983; x_wconf 83' lang='lat' dir='ltr'><strong>iden</strong></span> 
     </span>
     <span class='ocr_line' id='line_1_33' title="bbox 296 4011 1349 4080; baseline -0.004 -16"><span class='ocrx_word' id='word_1_259' title='bbox 296 4016 349 4080; x_wconf 80' lang='lat' dir='ltr'><strong>ejus</strong></span> <span class='ocrx_word' id='word_1_260' title='bbox 358 4022 483 4065; x_wconf 71' lang='lat' dir='ltr'><strong>orarentur</strong></span> <span class='ocrx_word' id='word_1_261' title='bbox 496 4015 521 4064; x_wconf 91' lang='lat' dir='ltr'><strong>in</strong></span> <span class='ocrx_word' id='word_1_262' title='bbox 533 4014 675 4064; x_wconf 82' lang='lat' dir='ltr'><strong>affinitatem</strong></span> <span class='ocrx_word' id='word_1_263' title='bbox 685 4015 873 4079; x_wconf 85' lang='lat' dir='ltr'><strong>propinquorum</strong></span> <span class='ocrx_word' id='word_1_264' title='bbox 887 4015 962 4065; x_wconf 84' lang='lat' dir='ltr'><strong>nestri</strong></span> <span class='ocrx_word' id='word_1_265' title='bbox 972 4015 1131 4065; x_wconf 78' lang='lat' dir='ltr'><strong>decessoris.»</strong></span> <span class='ocrx_word' id='word_1_266' title='bbox 1142 4013 1216 4076; x_wconf 73' lang='lat' dir='ltr'><strong>ibid,</strong></span> <span class='ocrx_word' id='word_1_267' title='bbox 1226 4029 1250 4080; x_wconf 92' lang='lat' dir='ltr'><strong>p.</strong></span> <span class='ocrx_word' id='word_1_268' title='bbox 1262 4015 1317 4066; x_wconf 79' lang='lat' dir='ltr'><strong>iaie</strong></span> <span class='ocrx_word' id='word_1_269' title='bbox 1325 4011 1349 4060; x_wconf 82' lang='lat' dir='ltr'><strong>G.</strong></span> 
     </span>
    </p>

    <p class='ocr_par' dir='ltr' id='par_1_5' title="bbox 294 4089 1351 4395">
     <span class='ocr_line' id='line_1_34' title="bbox 326 4089 1351 4160; baseline 0 -15"><span class='ocrx_word' id='word_1_270' title='bbox 326 4096 350 4145; x_wconf 81' lang='lat'><strong>3.</strong></span> <span class='ocrx_word' id='word_1_271' title='bbox 368 4095 445 4146; x_wconf 83' lang='lat' dir='ltr'><strong>rideo</strong></span> <span class='ocrx_word' id='word_1_272' title='bbox 468 4096 579 4146; x_wconf 75' lang='lat' dir='ltr'><strong>veniat...</strong></span> <span class='ocrx_word' id='word_1_273' title='bbox 593 4101 651 4144; x_wconf 90' lang='lat' dir='ltr'><strong>tuno</strong></span> <span class='ocrx_word' id='word_1_274' title='bbox 664 4094 747 4146; x_wconf 85' lang='lat' dir='ltr'><strong>eieetia</strong></span> <span class='ocrx_word' id='word_1_275' title='bbox 762 4095 897 4159; x_wconf 76' lang='lat' dir='ltr'><strong>judicibus,</strong></span> <span class='ocrx_word' id='word_1_276' title='bbox 911 4111 962 4146; x_wconf 78' lang='lat' dir='ltr'><strong>non</strong></span> <span class='ocrx_word' id='word_1_277' title='bbox 980 4099 1065 4146; x_wconf 76' lang='lat' dir='ltr'><strong>tmen</strong></span> <span class='ocrx_word' id='word_1_278' title='bbox 1087 4109 1116 4145; x_wconf 85' lang='lat' dir='ltr'><strong>ee</strong></span> <span class='ocrx_word' id='word_1_279' title='bbox 1133 4095 1210 4160; x_wconf 72' lang='lat' dir='ltr'><strong>priua</strong></span> <span class='ocrx_word' id='word_1_280' title='bbox 1229 4097 1257 4145; x_wconf 81' lang='lat' dir='ltr'><strong>in</strong></span> <span class='ocrx_word' id='word_1_281' title='bbox 1273 4089 1351 4159; x_wconf 69' lang='lat' dir='ltr'><strong>produ</strong></span> 
     </span>
     <span class='ocr_line' id='line_1_35' title="bbox 294 4169 1351 4236; baseline -0.001 -15"><span class='ocrx_word' id='word_1_282' title='bbox 294 4173 421 4235; x_wconf 65' lang='lat' dir='ltr'><strong>restituto,</strong></span> <span class='ocrx_word' id='word_1_283' title='bbox 440 4178 483 4224; x_wconf 79' lang='lat' dir='ltr'><strong>aut</strong></span> <span class='ocrx_word' id='word_1_284' title='bbox 495 4187 524 4224; x_wconf 82' lang='lat' dir='ltr'><strong>ex</strong></span> <span class='ocrx_word' id='word_1_285' title='bbox 535 4172 610 4224; x_wconf 78' lang='lat' dir='ltr'><strong>latere</strong></span> <span class='ocrx_word' id='word_1_286' title='bbox 626 4179 707 4225; x_wconf 78' lang='lat' dir='ltr'><strong>norim</strong></span> <span class='ocrx_word' id='word_1_287' title='bbox 720 4172 818 4223; x_wconf 77' lang='lat' dir='ltr'><strong>directis</strong></span> <span class='ocrx_word' id='word_1_288' title='bbox 836 4173 932 4236; x_wconf 64' lang='lat' dir='ltr'><strong>issatis,</strong></span> <span class='ocrx_word' id='word_1_289' title='bbox 952 4189 1007 4224; x_wconf 89' lang='lat' dir='ltr'><strong>euru</strong></span> <span class='ocrx_word' id='word_1_290' title='bbox 1027 4173 1169 4224; x_wconf 73' lang='lat' dir='ltr'><strong>auetoritate</strong></span> <span class='ocrx_word' id='word_1_291' title='bbox 1191 4180 1273 4224; x_wconf 69' lang='grc' dir='ltr'>ηοω-ι</span> <span class='ocrx_word' id='word_1_292' title='bbox 1288 4169 1351 4220; x_wconf 71' lang='lat' dir='ltr'><strong>rdri·</strong></span> 
     </span>
     <span class='ocr_line' id='line_1_36' title="bbox 295 4249 1349 4320; baseline 0.004 -20"><span class='ocrx_word' id='word_1_293' title='bbox 295 4255 378 4300; x_wconf 84' lang='lat' dir='ltr'><strong>eantur</strong></span> <span class='ocrx_word' id='word_1_294' title='bbox 390 4267 445 4317; x_wconf 80' lang='lat' dir='ltr'><strong>qua</strong></span> <span class='ocrx_word' id='word_1_295' title='bbox 458 4258 528 4314; x_wconf 77' lang='lat' dir='ltr'><strong>gaeta</strong></span> <span class='ocrx_word' id='word_1_296' title='bbox 539 4259 605 4316; x_wconf 84' lang='lat' dir='ltr'><strong>aunt,</strong></span> <span class='ocrx_word' id='word_1_297' title='bbox 616 4259 642 4304; x_wconf 87' lang='lat' dir='ltr'><strong>oi</strong></span> <span class='ocrx_word' id='word_1_298' title='bbox 653 4253 752 4317; x_wconf 77' lang='lat' dir='ltr'><strong>negotia</strong></span> <span class='ocrx_word' id='word_1_299' title='bbox 765 4253 790 4304; x_wconf 88' lang='lat' dir='ltr'><strong>in</strong></span> <span class='ocrx_word' id='word_1_300' title='bbox 809 4269 857 4320; x_wconf 82' lang='lat' dir='ltr'><strong>qua</strong></span> <span class='ocrx_word' id='word_1_301' title='bbox 873 4260 926 4306; x_wconf 83' lang='lat' dir='ltr'><strong>urta</strong></span> <span class='ocrx_word' id='word_1_302' title='bbox 940 4259 998 4306; x_wconf 80' lang='lat' dir='ltr'><strong>aunt</strong></span> <span class='ocrx_word' id='word_1_303' title='bbox 1010 4253 1134 4318; x_wconf 80' lang='lat' dir='ltr'><strong>preriueiu</strong></span> <span class='ocrx_word' id='word_1_304' title='bbox 1147 4254 1263 4306; x_wconf 68' lang='lat' dir='ltr'><strong>munuae</strong></span> <span class='ocrx_word' id='word_1_305' title='bbox 1275 4249 1349 4304; x_wconf 65' lang='lat' dir='ltr'><strong>mni·</strong></span> 
     </span>
     <span class='ocr_line' id='line_1_37' title="bbox 295 4331 627 4395; baseline 0.012 -18"><span class='ocrx_word' id='word_1_306' title='bbox 295 4335 390 4379; x_wconf 84' lang='lat' dir='ltr'><strong>nentur.</strong></span> <span class='ocrx_word' id='word_1_307' title='bbox 404 4347 419 4378; x_wconf 83' lang='lat' dir='ltr'><strong>r</strong></span> <span class='ocrx_word' id='word_1_308' title='bbox 434 4331 505 4395; x_wconf 71' lang='lat' dir='ltr'><strong>ibid,</strong></span> <span class='ocrx_word' id='word_1_309' title='bbox 520 4346 544 4395; x_wconf 95' lang='lat' dir='ltr'><strong>p.</strong></span> <span class='ocrx_word' id='word_1_310' title='bbox 559 4333 627 4381; x_wconf 80' lang='lat'>132⁰.</span> 
     </span>
    </p>
   </div>
   <div class='ocr_carea' id='block_1_4' title="bbox 0 0 1476 5060">
    <p class='ocr_par' dir='ltr' id='par_1_6' title="bbox 0 0 1476 5060">
     <span class='ocr_line' id='line_1_38' title="bbox 0 0 1476 5060; baseline 0 2"><span class='ocrx_word' id='word_1_311' title='bbox 0 0 1476 5060; x_wconf 95' lang='lat' dir='ltr'><strong> </strong></span> 
     </span>
    </p>
   </div>
  </div>
 </body>
</html>
