3006 5050
480 440 643 496 etesius
664 439 909 492 essentitatis
1180 441 1224 488 169

156 582 248 668 scopi
283 579 462 650 Galliarum
492 581 572 650 lelso
606 581 669 650 sibi
701 581 934 668 persuaderent
961 581 996 648 in
1026 581 1087 648 beo
1113 578 1225 648 condi·

156 697 252 766 cione
273 706 358 766 stare
380 698 556 766 decretales
580 697 651 766 illes
671 696 1024 777 Pseudolsidorianas,
1043 716 1125 784 quas
1152 704 1224 762 turn

157 812 353 880 Anastasius
376 825 408 880 et
432 812 654 900 suscipiendas
679 832 750 882 esse
776 812 1006 897 contendebat,
1035 821 1067 880 et
1092 812 1224 879 violatas

156 927 377 1016 objurgabat?
409 927 498 996 Num
528 925 628 996 Gallis
659 928 694 994 in
723 927 942 1016 suspicionem
969 927 1079 996 venire
1099 935 1226 1014 poterat

157 1053 258 1112 tantae
271 1043 456 1111 stoliditatis
477 1063 548 1110 csse
562 1043 752 1130 scriptorem
776 1042 992 1130 pontificium,
1008 1042 1065 1130 qui
1079 1042 1225 1130 primum

158 1159 353 1226 declarasset
372 1159 419 1226 eis
438 1157 595 1226 duntaxat
608 1158 789 1245 apostolicis
803 1159 919 1226 litteris
927 1157 1225 1245 obtemperandum

158 1294 229 1342 esse
252 1294 326 1360 quae
345 1272 504 1342 assentio
521 1272 651 1357 archivo
671 1273 821 1342 Romano
843 1273 1029 1361 reconditae,
1046 1294 1083 1341 ao
1106 1272 1225 1340 deinde

159 1387 246 1474 ipsos
274 1388 527 1475 reprehenderet
544 1387 631 1473 quod
650 1388 787 1456 decretis
803 1388 986 1476 priscorum
1001 1409 1172 1476 paparum,
1189 1387 1224 1454 in

159 1502 357 1571 bibliotheca
380 1502 529 1571 Romana
554 1513 641 1572 certe
669 1525 735 1570 non
762 1503 977 1590 exstantibus,
999 1503 1224 1592 obtemperare

161 1619 372 1688 noluissent?

204 1737 250 1802 At
273 1735 358 1802 dicet
380 1735 496 1822 aliquis
518 1735 625 1803 bonus
640 1757 650 1803 ι
666 1735 892 1822 anastasium,
910 1735 969 1804 etsi
986 1736 1169 1822 generatim
1186 1736 1222 1802 in

160 1853 220 1917 hec
233 1850 368 1937 epistola
380 1851 555 1918 decretales
569 1850 910 1925 Pseudo-Isidorianas
924 1850 1116 1938 laudaverit,
1130 1851 1170 1918 de
1185 1851 1224 1918 iis

161 1966 223 2031 boc
242 1965 377 2032 sortasse
397 1967 467 2032 loco
485 1986 551 2032 non
565 1966 737 2052 rogitasse,
753 1976 787 2032 at
807 1966 921 2034 saltem
937 1987 1003 2032 rron
1018 1965 1225 2034 animadver-

160 2079 239 2147 tisse
254 2080 293 2147 ad
311 2078 391 2167 quid
412 2080 560 2148 tenderet
578 2081 653 2148 data
668 2081 722 2148 illa
738 2080 778 2148 dc
793 2081 923 2148 archivo
937 2081 1085 2147 llomauo
1097 2082 1221 2165 regula.

160 2197 206 2262 At
223 2194 332 2262 infelix
351 2195 534 2283 excusati03
554 2217 631 2262 nam
655 2195 709 2262 illa
724 2196 793 2284 ipsa
814 2195 898 2262 dicta
913 2194 984 2283 ejus
996 2194 1138 2282 epistolae
1152 2215 1224 2280 qnae

160 2310 256 2378 falsas
275 2309 451 2378 decretales
475 2319 543 2378 tam
562 2310 703 2378 dilucide
721 2309 908 2396 significant
931 2318 963 2378 et
979 2308 1224 2396 commendant,

159 2425 332 2511 posthanc
347 2424 457 2493 datam
473 2426 619 2512 regulam
638 2424 725 2492 illico
743 2434 777 2492 et
795 2445 833 2493 eo
851 2423 948 2492 modo
961 2423 1172 2512 proferuntur
1189 2434 1225 2492 ut

161 2538 335 2607 manifesto
356 2550 509 2628 appareat
531 2560 595 2607 non
610 2540 717 2608 solum
732 2539 957 2627 Anastasium,
976 2561 1053 2608 oum
1067 2540 1100 2608 id
1114 2539 1226 2627 praeci-

159 2663 263 2744 peret,
280 2655 321 2722 ad
336 2675 390 2723 eas
409 2653 598 2742 attendiss'e,
612 2675 726 2723 verum
742 2656 840 2724 etiam
859 2675 897 2724 ea
912 2666 1023 2724 mente
1036 2657 1225 2743 precepisse

160 2780 198 2838 ut
222 2770 350 2858 scriptis
369 2769 708 2840 Pseudo-Isidorieuis
740 2759 899 2859 majorem
923 2770 1146 2849 auctoritatem
1169 2769 1226 2836 ad·
1266 2838 1269 2846 ,

155 2885 314 2974 jungeret
327 2886 336 2920 ¹
352 2887 361 2954 l

192 3097 214 3144 1.
232 3095 294 3144 Eece
305 3099 440 3144 contextum
449 3101 474 3145 et
483 3095 688 3146 continuationem
698 3095 815 3145 sermonis
829 3111 836 3145 ε
854 3113 904 3148 ιι...
917 3091 1091 3160 amplectamur
1101 3095 1223 3160 opuscola,

159 3189 213 3238 quae
226 3173 342 3224 duntaxat
355 3179 380 3224 et
393 3174 526 3239 antiquitus
544 3181 625 3225 sancte
640 3177 747 3226 Romana
760 3175 862 3225 ecclesia
875 3190 1031 3238 conservans,
1047 3176 1116 3226 nobis
1130 3191 1225 3240 quoque

159 3253 315 3302 custodienda
333 3254 463 3318 mandarit,
478 3261 504 3304 et
521 3270 595 3318 penes
615 3271 641 3305 se
658 3256 687 3306 in
706 3255 760 3304 auis
780 3255 891 3306 uredinis
907 3258 932 3306 et
948 3257 1051 3306 uetustis
1067 3257 1118 3306 rite
1134 3271 1225 3306 morsu·

159 3334 253 3382 mentis
270 3333 402 3384 recorrdito
417 3338 562 3384 ueneratur.
573 3335 643 3386 Absit
657 3335 723 3384 enim
732 3341 759 3384 ut
768 3335 857 3400 scripta
871 3350 953 3385 eorum
967 3335 1133 3401 quoquomodo
1148 3335 1226 3398 parvi·

159 3412 286 3476 pendenda
296 3412 414 3478 dicamus,
422 3429 524 3479 quorum
533 3415 651 3477 ridemus,
661 3415 711 3464 Deo
719 3421 824 3478 auctore,
833 3421 939 3465 sanctam
949 3415 1089 3478 Ecclesiam,
1099 3418 1145 3464 out
1154 3428 1226 3463 roseo

158 3507 250 3542 cruore
265 3494 387 3556 floridam
406 3495 478 3556 (ergo
490 3495 543 3557 jam
561 3493 684 3555 cogitabat
699 3495 841 3544 Anastasius
861 3494 890 3544 de
911 3495 1014 3546 decretis
1028 3495 1074 3544 illis
1090 3491 1225 3543 vetustissi-

157 3587 254 3622 morum
273 3588 390 3638 paparum
408 3575 505 3624 nomine
523 3574 640 3638 confictis,
657 3589 710 3638 quea
732 3589 820 3638 nempe
835 3579 890 3624 tom
906 3575 994 3640 scripta
1012 3591 1066 3626 esse
1078 3573 1225 3639 putabantur

158 3669 213 3703 cum
227 3655 329 3705 ecclesia
343 3653 470 3704 christiana
491 3654 607 3715 sanguine
626 3658 760 3718 martyrum
779 3653 895 3719 ruberet),
913 3660 955 3705 aut
974 3655 1077 3704 mriiluis
1097 3653 1225 3703 sudoribus

157 3739 184 3782 et
195 3733 332 3783 salubribus
346 3733 446 3798 eloquiis
457 3733 607 3783 adornatam.
619 3733 645 3784 Si
662 3733 727 3782 enim
740 3734 846 3798 ipsorum
855 3733 951 3784 decreto
963 3741 1097 3784 ceterorum
1111 3731 1225 3797 opuscula

156 3819 314 3864 tractatorum
328 3814 489 3878 approbantur
501 3813 540 3863 rel
554 3813 722 3878 reprobantur,
739 3812 812 3863 itaut
825 3813 888 3878 quod
904 3813 972 3863 sedes
988 3813 1116 3876 apostolica
1129 3811 1223 3876 pmbat,

156 3894 229 3944 hodia
247 3898 357 3944 teneatur
377 3900 513 3960 acceptum,
528 3899 553 3944 at
568 3894 632 3958 qnod
652 3893 693 3942 illa
712 3894 816 3958 repulit,
835 3894 950 3942 hactenus
972 3891 1082 3941 inefficax
1096 3892 1223 3956 habeatur,

156 3978 248 4039 quanto
258 3973 338 4036 potius
351 3988 405 4039 quae
420 3975 471 4038 ipsa
483 3989 525 4039 pro
537 3973 655 4024 catholica
666 3973 723 4036 fide,
734 3989 776 4038 pro
787 3973 892 4039 prolenis
902 3972 1058 4034 dogmatibus
1073 3971 1223 4036 repellendis,

156 4068 199 4118 pro
219 4053 293 4102 variis
314 4060 340 4104 et
356 4053 490 4105 multifariis
509 4054 620 4105 Ecclesia
636 4053 818 4104 necessitatibus
836 4059 861 4102 et
878 4051 986 4102 bdelium
1008 4051 1114 4101 moribus
1130 4052 1223 4102 diverso

156 4139 265 4196 tempore
282 4133 388 4198 scripsit,
403 4134 467 4184 omni
481 4134 571 4184 debent
582 4134 670 4184 honore
684 4131 799 4198 preferri,
813 4137 838 4181 et
850 4132 881 4180 ab
898 4130 1009 4180 omnibus
1023 4146 1119 4196 prorsus
1133 4131 1157 4181 in
1168 4133 1225 4197 qui·

157 4213 261 4264 buslibet
286 4215 504 4278 opportunitatibus
530 4213 673 4264 discretione
693 4212 732 4262 rel
756 4211 933 4275 dispensatione
955 4211 1071 4274 magistra
1090 4219 1225 4264 reverenter

158 4295 256 4345 assumi.
265 4295 413 4360 Quanquam
422 4294 527 4362 quidam
534 4303 641 4346 vestrum
651 4293 799 4358 scripserint
807 4292 878 4344 baud
886 4289 931 4344 illo
937 4292 1074 4346 decretalia
1078 4295 1224 4360 priscorum
