2954 5050
262 487 309 538 25⁰
478 487 695 551 narseten,
717 487 918 540 nanniano
943 487 1045 540 etet
1066 488 1107 551 lt,

260 651 345 701 cere.
364 629 459 711 Quod
474 630 609 718 quidem
621 630 677 698 isti
690 639 875 720 patrarunt,
888 631 945 700 sed
963 631 1009 699 ita
1023 639 1133 700 tamen
1148 641 1185 700 ut
1195 643 1326 720 partem

260 757 390 816 tantum
403 745 587 814 libellorum
602 743 705 813 iurari
719 746 886 834 potuerint
898 745 922 815 ¹.

303 861 391 949 Ergo
413 861 512 948 legati
533 861 710 948 apostolici,
736 869 781 955 ut
793 863 944 950 rapinam
970 864 1128 951 sentiunt,
1149 883 1264 933 rursus
1283 865 1326 933 ad

260 976 473 1047 Anastasium
491 985 588 1063 atque
602 976 643 1044 ad
656 975 848 1066 Supponem
861 977 1057 1066 confugiunt
1066 978 1092 1066 ²,
1110 979 1230 1067 quippe
1241 998 1325 1068 qnos

260 1093 347 1182 apud
359 1091 520 1161 basilium
533 1113 628 1181 posse
642 1094 749 1180 magis
760 1103 925 1181 putarent.
941 1094 984 1162 Et
997 1113 1085 1184 vero,
1100 1095 1127 1163 si
1141 1093 1325 1166 Bibliothe-

260 1211 387 1279 carium
406 1209 592 1296 audiamus,
616 1209 695 1276 satis
712 1209 776 1276 sibi
800 1209 935 1298 suisque
954 1210 1125 1297 legationis
1149 1211 1326 1282 comitibus

259 1325 374 1394 inisset
403 1325 635 1411 imperatorem
666 1323 887 1412 Byzantinum
918 1324 957 1393 ad
987 1325 1168 1394 reddendos
1199 1327 1325 1397 libellos

259 1441 362 1510 libere
375 1439 567 1528 fortiterque
580 1439 790 1509 admonuisse
799 1439 824 1508 ³.
842 1439 949 1521 Quam
961 1439 1220 1511 admonitionem
1234 1443 1326 1512 Basi·

260 1556 323 1624 lius
345 1565 379 1624 et
391 1555 515 1645 justam
536 1564 569 1624 et
589 1555 710 1624 bonam
733 1557 844 1625 statim
865 1557 1059 1647 agnovisset,
1076 1558 1199 1627 nedum
1215 1563 1326 1629 exhsc

260 1671 410 1740 libertate
423 1670 578 1759 loquendi
592 1681 862 1756 commoveretur.

302 1787 348 1856 At
360 1789 456 1876 paulo
471 1788 564 1856 aliter
583 1787 618 1855 in
633 1785 711 1857 Vita
724 1786 885 1858 Hadriani
896 1787 940 1863 11.
956 1787 1088 1878 Multos,
1103 1810 1140 1860 or
1160 1789 1222 1860 hoc
1234 1792 1327 1862 testi·

258 1904 383 1994 monio,
393 1912 542 1992 conatus,
550 1904 670 1971 multas
678 1903 1026 1992 vanasquemachinas
1034 1904 1217 1976 Hludowici
1227 1909 1326 1995 legati

257 2019 335 2110 duo,
351 2017 462 2110 Suppo
476 2029 573 2108 atque
587 2019 796 2106 Anastasius,
816 2019 856 2087 ad
873 2019 1075 2108 recipiendos
1091 2019 1218 2090 libellos
1234 2021 1327 2090 adbi-

257 2135 424 2224 buissent;
445 2154 553 2223 neque
567 2154 637 2204 rem
652 2133 805 2202 vicissent
824 2133 990 2222 facillime,
1010 2134 1065 2203 sed
1087 2136 1133 2203 ita
1156 2136 1326 2224 instando,

257 2249 450 2336 obsidendo,
460 2259 499 2319 ut
508 2248 610 2319 bilem
621 2247 742 2318 Basilio
754 2271 791 2319 ao
803 2250 1125 2320 vehementissimam
1135 2251 1223 2320 iram
1235 2271 1329 2321 eom-

288 2499 313 2548 l.
330 2495 411 2548 Habes
426 2497 472 2547 boc
485 2495 537 2548 loco
554 2495 627 2547 aliam
643 2496 815 2549 dissensionem
828 2497 892 2550 inter
902 2500 1054 2552 Anmtasium
1068 2506 1094 2552 et
1106 2501 1247 2566 scriptorem
1263 2501 1327 2554 tota

258 2577 384 2628 Hadriani.
397 2577 443 2628 Hic
450 2578 516 2628 enim
526 2583 648 2628 asseverat
656 2577 750 2628 libellos
758 2593 841 2630 omnes
850 2579 903 2630 ideo
914 2594 961 2630 non
972 2586 1095 2646 surreptus
1106 2597 1170 2646 esso,
1180 2582 1239 2647 quia
1252 2585 1326 2646 legati

257 2657 322 2710 sedis
336 2658 472 2724 apostolice
482 2664 576 2724 partem
589 2673 672 2708 eorum
686 2664 710 2708 et
722 2673 776 2708 eam
789 2662 976 2724 prestantiorem
987 2661 1099 2726 prudenti
1109 2662 1246 2727 provisione
1259 2663 1325 2714 cela·

255 2739 359 2790 uissent.
377 2738 447 2798 Quod
462 2739 605 2790 Anastasius
625 2753 706 2789 rursus
724 2739 807 2801 tacuit,
823 2740 896 2790 immo
911 2755 968 2791 nero
986 2741 1131 2804 significavit
1145 2741 1210 2792 iures
1229 2744 1326 2794 Grecos

257 2836 307 2888 pre
320 2818 370 2870 sola
378 2817 534 2870 multitudine
542 2817 678 2869 libellorum
688 2834 728 2870 eos
739 2834 822 2870 omnes
832 2819 926 2871 auferre
938 2834 986 2871 non
999 2819 1101 2872 saluisse
1113 2839 1121 2873 a

298 2967 334 3007 EX
349 2964 412 3006 vm
428 2964 561 3006 bannitur
577 2965 608 3016 ll,
625 2965 650 3004 C.
667 2965 730 3004 XLV.
815 2965 1114 3006 nxanastasttttotlsttt
1121 2966 1322 3010 stnonuuvtn.

288 3089 302 3119 a
315 3071 348 3122 Et
361 3068 426 3120 illico
445 3069 543 3134 quidam
559 3068 633 3118 libelli
654 3084 668 3119 a
686 3076 766 3120 custo·
847 3071 932 3120 «Cum
942 3084 999 3132 ergo
1012 3069 1104 3134 vicarii,
1114 3071 1223 3121 Donatus
1232 3070 1324 3122 scilicet

257 3151 338 3214 dibus,
359 3150 474 3215 quoniam
498 3148 691 3200 excellentiorum
713 3151 766 3214 epi·
815 3155 839 3199 et
852 3149 989 3214 Stephanus
1002 3149 1115 3215 episcopi,
1130 3155 1202 3214 atqua
1215 3153 1323 3202 Marinus

258 3243 385 3295 scaporum
405 3228 499 3278 libellos
519 3229 594 3291 legati
613 3236 700 3280 sancte
717 3232 766 3282 Ro-
814 3229 938 3294 diaconus,
948 3229 977 3279 ad
988 3229 1169 3281 collocutionem
1183 3232 1325 3296 patriarche

258 3325 335 3368 mana
359 3309 479 3374 ecclesia,
503 3309 639 3360 futurorum
663 3312 765 3376 prescii,
813 3309 982 3374 perrexissent,
997 3310 1106 3360 custodes
1121 3310 1187 3360 iures
1198 3310 1266 3375 iacti,
1280 3325 1324 3374 pe-

257 3404 353 3456 prorsus
368 3388 527 3450 abstulerant,
542 3388 749 3440 defraudamur
813 3395 935 3440 nubentes
955 3390 1063 3455 domum,
1081 3389 1210 3454 quamdam
1230 3395 1324 3455 partem

464 3467 581 3533 (vignoli,
596 3483 621 3534 p.
636 3469 703 3534 ild.)
813 3468 919 3520 clanculo
938 3485 967 3520 ex
984 3470 1118 3521 numerosis
1136 3469 1185 3520 illis
1199 3470 1323 3534 ohirogra-

813 3549 868 3614 pbis
880 3549 1009 3601 abstulere.
1024 3567 1037 3598 a

846 3629 949 3695 (iligna,
964 3630 1035 3694 ibid,
1049 3645 1073 3696 p.
1088 3630 1132 3682 tt:
1147 3630 1236 3692 Coleti,
1253 3630 1324 3696 init,

874 3726 899 3775 p.
912 3710 979 3775 ⁴99.)

284 3801 310 3851 2.
326 3815 381 3850 a...
396 3813 439 3865 per
447 3798 493 3848 boc
508 3798 681 3849 incredibiliter
692 3800 844 3864 consternati,
855 3801 976 3865 Supponis
991 3799 1161 3850 archiministri
1171 3799 1322 3852 etdnaatesli

254 3879 406 3931 disertissimi
419 3879 483 3930 sedis
494 3878 628 3944 apostolicae
635 3879 809 3930 bibliothecarii
821 3879 965 3930 fidelissimis
974 3879 1067 3930 auxiliis
1076 3880 1247 3932 innituntur.»
1265 3881 1322 3930 Vlla

254 3961 383 4012 Hadriani
394 3959 429 4023 ll,
444 3974 468 4024 p.
485 3963 541 4010 245.
556 3959 674 4010 Errardns
693 3964 782 4023 autem,
796 3960 885 4009 ‘tertius
895 3959 1028 4010 Hludowici
1044 3959 1147 4023 legatus,
1163 3975 1283 4026 uunquam
1297 3959 1322 4009 in

252 4041 311 4091 Vita
321 4040 445 4104 Hadriani,
455 4040 534 4091 nescio
546 4055 594 4105 quo
604 4045 683 4105 pacto,
698 4047 854 4090 memoratur.

283 4123 307 4172 3.
325 4123 400 4172 allos
413 4125 504 4185 autem,
519 4121 601 4186 inquit
612 4120 763 4183 Anastasius,
781 4122 820 4184 qui
838 4135 881 4185 pro
896 4134 966 4171 causa
980 4119 1094 4185 nuptialis
1107 4126 1247 4172 contractus
1261 4121 1322 4170 inter

255 4205 382 4266 utrumque
396 4202 565 4267 imperatorem
577 4201 702 4251 eldcicndi
716 4200 850 4262 aderamus,
865 4201 903 4250 his
916 4202 938 4252 ei
954 4201 1062 4266 (Basilio)
1074 4201 1155 4251 verbis
1164 4201 1231 4251 dicta
1243 4207 1322 4250 tram·

255 4279 384 4330 misimus:
399 4281 537 4352 Nondecet
556 4281 736 4346 imperatoriam
758 4285 904 4346 potestatem
923 4287 994 4332 antea
1011 4281 1090 4332 iacere
1104 4296 1158 4346 quae
1178 4280 1323 4330 destruenda

254 4364 314 4410 snut
323 4375 348 4424 o,
363 4365 411 4412 etc.
422 4360 543 4413 daumii
556 4359 630 4412 Nota
642 4361 671 4412 lo
684 4361 812 4428 mnodum
830 4361 892 4412 Vlll
900 4361 1002 4428 (bigne,
1016 4377 1041 4426 p.
1054 4362 1098 4424 383
1112 4360 1202 4423 coleti,
1216 4375 1243 4428 p.
1255 4360 1322 4425 tell).
