2954 5050
279 440 326 488 224
499 438 716 500 anastasii,
742 438 940 489 nanniano
962 434 1058 488 Part
1079 437 1121 500 ll,

206 617 220 658 ·,
280 582 404 649 Nicolai
435 581 472 648 in
507 581 680 650 scribendo
713 581 883 650 assiduum
919 581 1102 670 adjutorem
1138 579 1337 668 pertinebat,

279 699 388 786 eique,
401 707 439 765 ut
449 697 494 766 ita
507 697 628 781 dicam,
643 698 843 785 infigebatur
855 719 920 787 qua
933 699 1052 767 vulnus
1066 706 1249 784 penetraret
1263 695 1339 764 inti-

280 813 381 900 mius,
404 812 517 900 idest,
539 813 576 879 in
594 815 679 882 banc
705 815 757 882 sui
782 813 1055 882 existimationem
1077 833 1141 900 qua
1164 832 1199 880 se
1219 807 1340 879 Biblio-

281 928 443 996 theearius
470 929 606 996 scientia
626 928 841 1019 doctrinaque
867 930 1019 999 excellere
1044 928 1191 1018 putabat.
1216 926 1339 1007 Quibus

280 1045 308 1112 si
319 1043 481 1113 addideris
495 1065 532 1112 er
546 1047 607 1112 boe
619 1066 758 1113 numero
770 1045 1126 1115 excommunicatorum
1139 1044 1197 1132 qui
1211 1042 1338 1111 Nicolao

280 1161 406 1230 crimen
428 1162 560 1230 heresis
582 1160 778 1249 inferebant,
799 1181 854 1230 eos
875 1161 974 1230 luisse
998 1161 1055 1248 qui
1076 1159 1242 1248 quondam
1254 1161 1338 1228 hunc

281 1297 399 1364 papam
423 1276 696 1345 denuntiaverant
717 1279 911 1346 sceleratum
931 1275 1096 1345 Anastasii
1117 1276 1336 1363 magisterium

279 1377 317 1459 in
332 1392 486 1462 omnibus
506 1392 720 1462 decernendis
740 1393 895 1462 adbibere
914 1394 1028 1476 solere,
1050 1401 1088 1461 ut
1107 1402 1192 1460 esset
1210 1391 1336 1460 forsitan
1442 1369 1443 1414 ³

280 1508 335 1576 bic
354 1530 467 1578 rumor
489 1510 587 1598 longe
611 1511 740 1598 lateque
760 1509 897 1579 diffusus
913 1510 937 1598 ¹,
956 1509 1027 1599 jem
1048 1510 1146 1598 plane
1171 1507 1335 1596 perspicies
1442 1545 1443 1550 κ

279 1621 341 1692 iste
363 1623 629 1695 bibliothecarius
652 1648 753 1713 quam
772 1625 895 1695 difficili
914 1626 951 1693 in
968 1627 1038 1694 loco
1055 1634 1253 1713 versaretur,
1267 1643 1334 1691 euna

280 1742 462 1830 presertim
479 1742 681 1812 Hadrianum
702 1742 735 1811 ll
758 1743 846 1812 idem
860 1743 939 1811 velle
953 1744 1041 1831 quod
1062 1740 1188 1810 Nicolai
1204 1738 1333 1826 inimici,

281 1859 379 1928 multi
391 1861 500 1948 palam
513 1858 758 1948 praedicarent&

282 2004 389 2060 tuanta;
407 2007 433 2052 et
450 2001 515 2051 inira
530 2001 621 2052 crimen
645 2001 741 2052 haeresis
763 2001 861 2052 Nicolao
882 2001 977 2051 illatum
998 2000 1033 2050 sic
1056 1999 1177 2064 significat
1190 2004 1216 2050 et
1235 1997 1333 2048 refutat:

284 2097 298 2129 a
309 2083 427 2148 praecipue
438 2098 523 2133 cum...
534 2098 577 2132 000
588 2082 673 2132 haeresi
686 2097 801 2146 unquam,
812 2086 840 2133 ut
848 2083 959 2148 fiuyuut,
974 2084 1086 2131 annuerit
1095 2098 1120 2130 0.
1132 2079 1252 2131 anastasi.
1262 2078 1333 2144 Epist.

282 2164 318 2214 cel
336 2163 451 2214 Adonem
474 2165 576 2228 (lligue,
600 2170 621 2213 t.
642 2164 751 2227 CXXIX,
772 2180 797 2228 p.
809 2166 865 2227 442,
881 2170 906 2213 et
918 2164 981 2212 infra
991 2163 1016 2212 in
1030 2160 1169 2227 Appendice
1184 2161 1214 2226 4).
1229 2161 1288 2212 Sunt
1299 2156 1333 2223 qui

283 2243 412 2307 opinentur
427 2242 553 2293 Nicolaum
574 2259 645 2293 reum
661 2244 758 2293 heresis
769 2244 861 2293 lactum
876 2245 958 2304 luisse,
969 2243 1032 2308 quod
1046 2241 1196 2293 Gotbesealoi
1217 2240 1247 2290 de
1268 2238 1334 2301 gratia

283 2323 363 2372 divina
381 2330 407 2373 et
426 2323 501 2374 libero
522 2324 622 2375 arbitrio
645 2324 797 2388 opinionibus
815 2324 939 2374 annuisset
952 2322 985 2387 (v.
1001 2323 1112 2373 Histoire
1131 2323 1253 2374 litterariae
1271 2320 1300 2369 de
1312 2318 1333 2366 40

282 2403 387 2465 Froaee,
401 2409 421 2452 t.
433 2404 465 2463 V,
476 2419 502 2467 p.
517 2403 571 2468 464)
578 2419 587 2467 ;
597 2410 622 2453 at
632 2419 704 2469 supra
714 2404 811 2468 probavi
822 2403 883 2452 nihil
899 2402 1031 2468 quidquam
1045 2402 1168 2452 aNicolao
1180 2402 1204 2450 in
1218 2400 1261 2451 bae
1273 2411 1333 2448 cauu

283 2483 478 2546 esseJ'udioatum
490 2485 525 2547 (v.
542 2500 568 2549 p.
584 2485 705 2550 420430).
724 2486 768 2534 Est
780 2484 879 2550 quidem
900 2484 925 2532 in
946 2485 1079 2547 Responsir
1098 2483 1136 2532 ud
1151 2482 1271 2546 Bulqurcs
1286 2494 1333 2528 sen·

284 2565 360 2614 tentia
376 2565 487 2630 quadam
497 2566 528 2616 de
537 2566 639 2616 lormula
652 2567 676 2616 in
689 2567 836 2631 baptismum
851 2564 987 2615 adhibenda
998 2579 1071 2630 quam
1085 2564 1155 2614 multi
1169 2564 1251 2614 falsam
1266 2561 1334 2613 eristi·

284 2653 352 2694 mant
373 2647 407 2710 (v.
422 2647 540 2711 Respoas.
556 2649 619 2711 clv,
633 2662 672 2711 ap.
688 2647 780 2709 Migne,
799 2647 921 2708 ccxix,
941 2661 967 2711 p.
989 2645 1146 2710 4044-4045),
1168 2645 1219 2707 sed,
1238 2641 1333 2709 quamvis

284 2725 324 2776 bie
338 2726 403 2776 loeus
416 2725 584 2789 theologorum
602 2727 701 2788 ingenia
720 2732 839 2790 torqueat,
852 2732 935 2775 tamen
948 2740 996 2774 uon
1009 2726 1059 2775 veri
1073 2725 1151 2774 simile
1164 2731 1201 2774 est
1215 2739 1262 2774 ram
1276 2720 1332 2788 parvi

285 2807 409 2868 momenti,
421 2822 477 2872 quae
489 2808 592 2858 formasa
604 2807 630 2856 in
644 2807 755 2856 notitiam
769 2805 959 2862 occidentalium
973 2804 1099 2855 bominum
1112 2821 1158 2855 non
1172 2811 1274 2865 venerat,
1285 2817 1332 2853 oau-

286 2901 337 2936 sam
357 2887 500 2937 criminandi
515 2894 565 2937 tam
579 2888 683 2949 graviter
703 2887 841 2952 prebuisse.
856 2887 1016 2951 Quapropter,
1028 2901 1082 2936 cum
1097 2886 1158 2936 nihil
1178 2886 1240 2937 aliud
1258 2883 1333 2950 000040
1442 2879 1443 2948 l

285 2973 350 3016 certo
363 2982 503 3032 proponere,
517 2968 591 3018 resin
606 2967 685 3018 medio
698 2967 856 3034 relinquenda
868 2967 973 3017 videtur.

318 3050 342 3096 4.
359 3049 416 3097 Hac
433 3047 531 3113 quidem
550 3048 671 3114 capitula,
685 3049 710 3097 in
724 3048 813 3114 quibus
826 3048 965 3099 Anastasius
987 3052 1056 3096 tauta
1072 3047 1205 3098 acerbitate
1221 3045 1334 3098 verborum
1442 3083 1443 3092 ,

286 3127 428 3192 vapulabat,
443 3129 590 3179 Guntharius
609 3135 635 3179 et
648 3128 819 3192 'l'beutgaudus
840 3130 947 3195 primum
967 3128 1011 3179 soli
1029 3127 1128 3179 Nicolao
1144 3130 1289 3194 scripserant,
1301 3122 1334 3174 aad
1442 3171 1443 3184 ,

289 3207 385 3272 deiude,
400 3208 499 3258 mutatis
512 3209 666 3274 quibusdam,
681 3210 712 3259 ad
727 3225 810 3260 omnes
825 3210 950 3275 episcopos
963 3209 1027 3259 mitti
1042 3208 1177 3260 voluerunt.
1188 3211 1219 3260 Et
1231 3209 1278 3258 brec
1289 3219 1335 3256 sana

288 3289 327 3338 vix
339 3288 440 3338 dubium
451 3296 489 3339 est
500 3291 558 3354 quin
574 3290 599 3339 in
615 3291 739 3341 Orientem
753 3291 784 3340 ad
802 3291 881 3355 ipsum
899 3291 1012 3342 Pbotium
1032 3291 1185 3355 pervenerint
1199 3291 1231 3354 (v.
1244 3289 1274 3338 1ae
1282 3297 1336 3352 pope

288 3372 418 3435 Formose,
436 3384 461 3434 p.
483 3370 547 3435 431).
570 3371 697 3435 Exemplar
714 3385 797 3422 eorum
817 3370 982 3436 capitulorum
1004 3385 1057 3436 que
1078 3369 1176 3421 Nicolao
1199 3371 1270 3420 missa
1291 3371 1336 3416 suut

289 3451 391 3516 scriptor
404 3448 532 3501 Annalium
546 3450 702 3502 Fuldensium
718 3452 743 3501 in
758 3451 870 3501 manibus
888 3451 986 3512 habuit,
1008 3457 1080 3516 atque
1094 3451 1215 3513 integrum
1229 3445 1338 3512 descripsit

289 3530 328 3596 (v.
343 3531 454 3582 Annales
466 3530 613 3596 Fuldenses,
625 3547 648 3582 a.
665 3534 720 3597 063,
736 3532 819 3596 Pertz,
834 3533 854 3594 1,
868 3531 971 3596 att-8),
986 3530 1031 3580 alia
1042 3534 1098 3582 vero
1112 3531 1144 3580 ad
1161 3532 1281 3596 episcopos
1291 3526 1338 3576 mit-

289 3611 361 3662 tenda
376 3611 518 3663 Hinemarus
534 3613 558 3661 in
572 3627 626 3662 suos
639 3612 744 3662 Annales
759 3612 842 3662 retulit
855 3612 888 3676 (v.
901 3612 1024 3661 Hincmari
1038 3611 1161 3674 Annales,
1174 3628 1198 3662 a.
1210 3614 1263 3674 664,
1279 3607 1337 3669 ibid,

291 3705 316 3758 p.
326 3694 419 3754 463-4).
434 3693 485 3743 Ηο0
501 3700 582 3743 tamen
594 3689 725 3743 notandum
735 3699 780 3757 ast,
795 3694 820 3743 in
830 3692 959 3757 exemplari
974 3693 1144 3742 Hincmariano
1158 3706 1206 3742 nnn
1217 3706 1267 3742 esse
1281 3689 1338 3738 illum

290 3770 370 3822 locum
384 3775 425 3824 ubi
443 3775 531 3825 mantio
544 3779 581 3824 est
593 3773 723 3824 Anastasii.
744 3773 813 3833 Quod
826 3771 909 3824 utrum
926 3773 999 3822 luerit
1012 3773 1069 3823 huic
1087 3772 1217 3838 exemplari
1232 3769 1339 3838 proprium

292 3867 320 3902 ac
336 3854 509 3918 singularem
523 3853 670 3904 Guntbarius
680 3858 705 3902 et
715 3853 887 3916 'theutgaudus
906 3855 953 3919 ipsi
972 3855 998 3903 in
1009 3853 1119 3904 omnibus
1133 3854 1303 3920 exemplaribus
1316 3845 1340 3898 td

295 3934 417 3999 episcopos
428 3936 508 3985 missis
521 3934 660 3996 deleverint,
674 3933 782 3998 judicare
795 3948 841 3983 000
858 3949 964 3999 possum.

323 4017 347 4063 2.
366 4017 421 4065 llaec
434 4013 463 4066 de
477 4015 592 4066 Hadriani
615 4013 735 4065 voluntate
755 4029 797 4064 cur
817 4023 842 4064 ct
863 4029 935 4079 quam
959 4014 1018 4066 falso
1041 4015 1187 4080 dicerentur,
1207 4015 1242 4066 sio
1254 4011 1342 4078 scriptor

295 4091 360 4144 Vite
376 4093 488 4146 Hadriani
503 4097 526 4146 11
542 4095 686 4158 significavit
701 4109 707 4144 :
723 4095 856 4154 «Quorum
870 4095 960 4144 scilieet
973 4093 1092 4160 (Nicolai)
1107 4095 1215 4146 hostium
1228 4097 1283 4162 quia
1293 4106 1342 4142 non·

295 4171 372 4223 nullos
386 4177 544 4240 parturientes
559 4177 700 4241 injustitiam
716 4181 857 4239 conceptum
876 4175 982 4226 dolorem
1003 4177 1119 4226 effusurus
1140 4192 1193 4228 asse
1212 4187 1344 4239 cognoscem

297 4253 461 4320 (Hadrianus),
472 4271 545 4320 penes
561 4273 596 4321 sa,
610 4257 677 4307 velut
696 4256 811 4306 zizaniam
832 4255 896 4306 inter
917 4257 1045 4322 frumenta,
1062 4273 1138 4323 usque
1159 4257 1190 4307 ad
1214 4254 1346 4308 maturitatis

297 4338 394 4402 tempus
406 4333 576 4400 dispensatorie
585 4337 711 4402 retinebat,
723 4352 818 4390 rumora
828 4335 943 4389 talaolter
952 4345 1102 4402 exsurgente,
1111 4335 1230 4390 creditum
1239 4345 1283 4406 eat,
1292 4334 1345 4404 quel
