2944 5060
486 433 680 486 aornuolx
705 431 818 483 PRIOR
1138 429 1184 478 ool

121 581 186 635 sunt
200 576 334 650 ingressi,
359 577 526 652 diversaque
551 575 670 637 consilia
693 575 918 646 meditabantur,
936 573 967 630 in
991 573 1068 651 quod
1095 573 1183 629 etiam

123 668 209 725 Ostiae
229 670 259 722 et
281 665 385 722 Albani
409 666 550 722 antistites
574 669 688 722 coactos
709 664 940 736 introduxerunt,
962 680 1033 736 quoe
1059 661 1187 719 molliori

122 772 256 813 sermone
294 754 465 828 blandisque
504 754 644 811 reducere
680 753 893 809 adulationibus
927 753 1122 820 decertabant,
1159 755 1189 808 et

121 844 309 920 postmodum
321 844 431 917 asperis
451 843 692 916 promissionibus
706 841 933 914 circumdabant,
950 840 1052 914 quibus
1066 839 1188 895 stridula

123 935 213 991 etiam
227 950 295 989 voce
307 933 443 990 dicebant
459 950 466 988 :
481 932 644 990 Nullateuus
658 934 746 987 uitam
757 932 896 1002 possidere
907 932 1031 1000 potestis,
1052 928 1099 984 sed
1117 929 1189 999 capi·

123 1025 176 1082 tali
188 1022 365 1094 subjacebitis
377 1023 522 1090 sanctioni,
532 1023 590 1077 uisi
596 1019 803 1078 consecrationis
812 1020 962 1076 Anastasio
974 1021 1093 1090 qratiam
1107 1017 1189 1074 dede-

121 1115 197 1169 ritis.
211 1111 255 1166 llli
269 1115 367 1167 autem
382 1113 449 1166 ante
463 1127 493 1166 se
509 1109 598 1166 morti
612 1109 727 1164 tradere
743 1109 929 1180 proferebant
944 1106 1190 1178 membratimque

124 1219 154 1258 se
178 1199 291 1269 laniari,
308 1217 396 1272 quam
423 1199 563 1271 deposito,
590 1199 775 1254 anathemate
799 1197 936 1252 damnato
968 1194 1190 1252 consecrationis

123 1288 286 1344 tribuerent
295 1287 540 1343 benedictionem.
551 1287 719 1359 Arguebant
730 1289 827 1342 autem
838 1285 957 1341 cosdem
967 1284 1077 1350 missos,
1092 1285 1120 1338 et
1130 1282 1192 1337 uni-

125 1394 221 1435 versas
233 1376 469 1432 demonstrabant
487 1392 575 1432 sacrae
596 1375 789 1447 responsionis
802 1375 971 1447 scripturas,
983 1372 1107 1446 qualiter
1125 1373 1190 1427 nul-

125 1469 238 1524 latenus
251 1466 386 1523 eumdem
400 1465 564 1538 depositum
582 1465 613 1520 in
638 1464 738 1520 ordine
763 1481 849 1537 quem
869 1464 1005 1536 poscebat
1019 1462 1192 1519 constituere

125 1556 291 1612 valuissent.
316 1555 450 1612 Protinus
468 1571 534 1610 vero
550 1554 685 1610 secretius
703 1554 833 1625 linguam
850 1569 951 1608 eorum
966 1551 1192 1616 confabulantes,

125 1648 209 1708 furor
222 1644 271 1718 qui
284 1644 315 1700 in
337 1645 378 1700 eis
392 1644 569 1700 exuberabat
580 1643 696 1714 minuit,
712 1642 915 1720 mentibusque
928 1657 1030 1698 eorum
1044 1640 1196 1696 videbatur

129 1736 273 1808 expulsus.

163 1823 261 1880 Tertia
278 1839 345 1879 vero
369 1822 443 1879 feria
464 1823 636 1892 lucescente,
659 1839 761 1879 omnes
778 1820 904 1895 episcopi
921 1838 988 1877 cum
1007 1821 1081 1876 clero
1096 1837 1128 1876 ac
1143 1836 1194 1892 po-

127 1913 198 1986 pulo
220 1911 250 1968 in
268 1911 386 1968 basilica
409 1912 575 1982 Salvatoris,
595 1929 659 1984 quae
680 1912 916 1970 Constantiniana
933 1909 1047 1980 dicitur,
1075 1925 1194 1982 congre-

130 2003 192 2076 gati
219 2004 294 2058 sunt.
311 2002 342 2058 lo
357 2018 415 2074 quo
430 2002 524 2058 omnis
537 2002 628 2074 plebs,
651 2019 683 2058 ac
703 2000 803 2078 populi
817 1999 972 2057 multitudo
987 2002 1105 2055 extensa
1125 2014 1195 2055 voce

130 2091 268 2148 clamavit
283 2108 290 2146 ε
304 2091 476 2148 benedictum
497 2091 680 2148 beatissimum
697 2107 802 2162 papam
815 2091 951 2158 uolumus,
971 2091 1113 2160 ipsumque
1126 2087 1197 2144 desi-

132 2182 280 2249 dommus,-
301 2181 379 2253 quod
395 2179 459 2252 jam
482 2179 534 2235 fati
559 2179 708 2235 audientes
730 2179 829 2251 legati,
848 2178 1042 2236 mirabantur.
1061 2175 1197 2232 Videntes

131 2270 232 2342 itaque
245 2269 313 2341 qnia
327 2268 357 2325 in
371 2268 553 2325 Anastasium
565 2267 670 2324 Christi
682 2268 778 2324 unitas
802 2269 937 2340 almaque
951 2264 1105 2324 concordia
1117 2264 1196 2319 nullo

130 2359 304 2414 flectebatur
318 2357 449 2430 ingenio,
463 2357 494 2413 in
507 2357 635 2430 quodam
643 2356 811 2430 patriarchii
823 2356 954 2413 cubiculo
969 2354 1117 2428 episcopos
1132 2369 1197 2409 con-

131 2449 316 2515 vocaverunt,
330 2449 416 2519 atque
430 2447 502 2503 alios
516 2447 679 2504 sacerdotes
689 2464 755 2502 cum
765 2447 841 2503 clero
853 2465 862 2517 ;
873 2464 939 2502 cum
952 2445 1055 2518 quibus
1067 2445 1197 2516 amplum

132 2538 246 2610 agitare
261 2534 434 2592 studuerunt
457 2536 622 2592 conflictum
647 2553 654 2604 ;
679 2536 730 2591 sed
744 2539 805 2591 tam
823 2535 1019 2608 probabilibus
1043 2534 1198 2591 missorum

132 2625 284 2682 audaciam
307 2629 516 2697 superaverunt
543 2625 725 2681 sermonibus
745 2628 831 2697 atque
853 2623 999 2694 doctrinis,
1016 2627 1046 2679 ut
1073 2625 1198 2680 infausta

131 2714 250 2770 illorum
264 2711 370 2769 mentis
384 2712 521 2784 cogitatio
547 2715 790 2787 contemplaretur
817 2715 941 2770 contrita
960 2717 1046 2786 atque
1068 2713 1196 2770 confusa.

132 2805 191 2858 Hoc
215 2804 364 2857 cernentes
392 2801 473 2858 missi
501 2803 711 2859 venerabilibus
729 2803 862 2858 dixerunt
884 2802 1023 2875 episcopis
1045 2819 1052 2856 ε
1077 2805 1199 2873 Accipite

133 2895 256 2948 uestrum
271 2891 393 2960 electum,
409 2895 435 2946 et
448 2892 480 2948 tu
496 2907 579 2962 quam
591 2891 678 2947 uultis
694 2892 836 2948 basilicam
848 2907 908 2948 eum
923 2891 1056 2947 deducite.
1067 2893 1104 2946 Et
1119 2891 1197 2946 modo

133 2982 323 3058 Mastusium,
340 2995 418 3050 quem
432 2981 584 3052 depositum
607 2981 710 3051 dicitis,
734 2982 768 3036 ab
799 2983 848 3037 boc
866 2981 1038 3052 patriarchia
1063 2980 1195 3050 ejicimus.

136 3072 251 3139 Tresque
261 3084 313 3139 per
325 3068 385 3124 dies
395 3070 539 3140 jejunium
553 3087 614 3126 cam
624 3071 795 3126 arationibus
804 3071 973 3139 celebremus,
989 3074 1015 3125 et
1028 3069 1197 3140 postmodum

135 3157 274 3228 quidquid
313 3172 432 3228 superea
457 3159 598 3214 elementia
624 3159 848 3216 demonstraverit
882 3161 1042 3230 impleatur.
1074 3156 1199 3214 Almitlei

134 3261 202 3301 vero
218 3244 346 3318 episcopi
357 3246 553 3302 clamaverunt
567 3265 574 3303 ε
586 3249 723 3319 Efficiatur
733 3255 827 3306 nostra
837 3253 986 3320 presentia
995 3251 1105 3304 iuoasor
1116 3251 1198 3318 atque

134 3335 274 3405 depositus
293 3336 472 3406 Anastasius,
492 3341 518 3392 et
530 3337 564 3392 ab
578 3337 628 3392 boc
642 3338 796 3408 capellatus
805 3341 987 3409 patriarchia,
1006 3343 1032 3393 et
1042 3342 1107 3393 tuac
1126 3338 1198 3405 faei-

134 3437 197 3478 mus
210 3423 284 3493 quod
297 3425 461 3482 hortamini.

172 3511 250 3567 lllico
275 3513 427 3585 praedictus
456 3515 620 3572 Anastasius
646 3531 843 3587 magnacum
875 3515 1053 3590 turpitudine
1088 3515 1123 3570 de
1152 3529 1199 3586 pa-

136 3599 274 3656 triarchio
305 3603 413 3674 ejectus
447 3607 533 3677 atque
568 3604 702 3675 expulsus
725 3607 785 3673 est;
814 3607 847 3660 ut
879 3622 980 3662 omnes
1012 3603 1199 3660 multimodas

138 3688 308 3746 orthodoxae
323 3693 446 3749 cultores
466 3693 534 3749 fidei
555 3693 677 3749 Domino
693 3697 790 3749 nostro
801 3695 867 3750 lesu
882 3695 992 3751 Christo
1005 3693 1201 3767 persolverent

138 3779 250 3848 grates.
269 3780 401 3854 Episcopi
422 3781 540 3856 quidem
561 3799 627 3838 cum
653 3781 785 3839 universo
807 3785 883 3840 clero
898 3802 931 3840 aa
951 3787 1058 3857 populo
1073 3783 1201 3841 beatissi-

138 3888 222 3930 mum
236 3869 408 3943 accipientes
421 3872 610 3927 Benedictum
635 3872 769 3944 ejectum,
786 3873 821 3928 de
833 3874 951 3930 basilica
976 3875 1007 3929 in
1026 3893 1084 3948 qua
1105 3877 1200 3933 elerici

139 3963 358 4018 commorantur
386 3960 580 4029 deduxerunt;
606 3960 675 4033 quia
694 3960 803 4017 ibidem
818 3962 981 4019 custodibus
1005 3981 1022 4019 a
1045 3963 1200 4021 saevissimo

139 4051 235 4108 iuerat
250 4049 400 4106 Anastasio
413 4050 576 4106 collocatus.
592 4049 726 4114 Quicum
744 4051 824 4107 omni
838 4051 983 4107 alacritate
1007 4055 1093 4126 atque
1112 4054 1203 4108 arsul-

139 4137 251 4196 tationc
276 4137 427 4211 cumipse
453 4139 482 4194 in
505 4135 656 4196 basilicam
684 4139 848 4209 Salvatoris,
874 4157 938 4213 quae
964 4141 1202 4198 Constantiniana

142 4226 257 4294 dicitur,
274 4227 495 4300 descenderunt.
515 4229 555 4283 De
577 4244 635 4301 qua
647 4231 792 4298 exeuntes,
809 4245 876 4284 eum
890 4245 976 4301 super
989 4247 1097 4305 equum
1117 4248 1202 4288 ovan-

142 4320 197 4386 tes,
211 4316 241 4371 in
253 4333 310 4389 quo
321 4317 377 4373 Leo
387 4318 491 4390 presul
505 4317 605 4373 sedere
616 4321 812 4386 consueverat,
822 4323 989 4391 posuerunt.
999 4320 1091 4386 Quem
1101 4321 1200 4394 etiam,
