3006 5050
276 435 306 484 tl
369 436 417 485 DE
436 435 603 486 NICOLAO
626 436 721 485 ΡΑΡΑ
744 436 753 485 l
776 433 945 494 utusouu
966 436 1245 488 rrulultlrlcus

276 601 343 647 nou
368 578 464 646 modo
492 577 639 666 eJusdem
670 578 851 647 Hludowici
882 579 1085 648 consiliarius
1113 601 1151 648 ac
1174 580 1344 669 praecipue

275 691 520 777 amicusfuerit,
532 693 588 761 sed
598 693 696 762 etiam
706 693 964 763 interRomanos
975 695 1169 764 constitutus
1179 705 1343 784 tanquam

275 811 413 878 vicarius
427 808 560 896 Imperii
574 829 611 877 ac
623 809 773 879 minister
782 811 806 898 ¹,
817 808 851 877 id
862 811 975 878 saltem
983 809 1055 898 jam
1068 811 1253 900 conjectura
1263 833 1345 899 pro-

274 923 382 992 babile
401 932 449 992 est
468 923 616 992 factionis
633 923 721 991 illius
740 924 968 1012 imperatorie,
985 946 1057 1012 quar
1072 924 1203 993 Nicolao
1224 925 1343 995 favisse

273 1039 406 1127 dicitur,
441 1039 619 1128 praecipuos
653 1049 800 1109 auctores
832 1038 931 1108 fuisse
960 1041 1172 1109 Anastasium
1202 1040 1342 1130 ejusque

273 1153 461 1223 familiares.
478 1155 563 1222 Hinc
576 1155 755 1242 Anastasii,
766 1153 1037 1223 excommunicati
1050 1155 1128 1247 olim
1140 1156 1340 1244 presbyteri,

276 1291 356 1338 nova
377 1271 443 1354 illa,
467 1265 598 1338 Nicolao
621 1270 785 1358 pontifice,
807 1270 949 1357 fortuna,
968 1291 1066 1355 quam
1087 1271 1222 1358 quidem
1241 1273 1340 1340 multi

272 1385 419 1454 historici
444 1384 671 1454 incredibilem
697 1385 910 1470 arbitrantur,
942 1387 999 1454 sed
1025 1407 1098 1473 quae
1117 1407 1231 1456 revera
1249 1408 1340 1455 nunc

273 1502 408 1568 demum
426 1510 642 1568 consentanea
660 1502 796 1568 omnino
815 1512 958 1587 apparet.
981 1501 1068 1582 Quid
1091 1501 1182 1570 enirn
1201 1513 1251 1570 est
1269 1503 1339 1570 veri

274 1616 413 1683 similius
437 1637 536 1702 quam
557 1616 643 1684 ntis
666 1615 827 1702 pontifex,
852 1615 1088 1684 beneficiorum
1117 1637 1184 1683 non
1217 1617 1341 1685 imme·

273 1752 358 1819 mor,
383 1731 544 1799 studiosos
567 1731 618 1798 sui
644 1739 676 1799 et
700 1729 841 1798 fautores
866 1732 902 1797 in
925 1731 1102 1799 amicitiam
1129 1731 1339 1820 favoremque

274 1845 455 1932 receperit?
473 1845 568 1926 Quod
583 1847 610 1915 si
624 1846 840 1913 nihilominus
857 1846 1055 1932 quibusdam
1071 1847 1177 1915 adhuc
1190 1847 1341 1917 videatur

273 1984 340 2029 non
369 1963 396 2029 is
424 1961 522 2031 fuisse
545 1961 696 2030 Nicolaus
717 1961 750 2048 l,
782 1962 838 2048 qui
859 1962 1120 2030 benevolentiam
1148 1982 1245 2029 suam
1270 1973 1338 2030 tam

273 2077 497 2165 imprudenter
518 2079 702 2164 collocaret,
727 2077 786 2145 etsi
802 2076 1012 2144 aminuenda
1032 2075 1116 2143 fama
1130 2077 1213 2144 tanti
1230 2077 1341 2164 ponti-

272 2194 341 2260 ficis
364 2192 502 2280 refugio,
525 2193 654 2279 longius
674 2201 784 2260 tamen
804 2192 1006 2278 progrediar,
1022 2193 1218 2279 qualemque
1233 2193 1288 2261 ille
1303 2213 1338 2262 se

272 2307 410 2388 gesserit
436 2327 514 2392 erga
543 2308 625 2375 duos
647 2307 814 2394 homines,
845 2328 922 2375 cum
944 2307 1117 2374 Anastasio
1138 2328 1206 2375 non
1230 2308 1338 2375 solum

272 2421 414 2489 amicitia
438 2430 494 2488 aut
513 2422 753 2510 propinquitate
774 2421 979 2510 conjunctoS,
999 2422 1171 2490 sedetiam
1193 2423 1339 2491 Anasta-

272 2537 372 2605 siauae
394 2537 470 2603 olim
496 2537 663 2604 seditionis
688 2537 836 2623 insignes
863 2538 981 2625 duces,
1006 2539 1212 2625 expluribus
1237 2560 1338 2626 argu-

271 2653 392 2721 meutis
409 2651 617 2721 manifestum
635 2652 770 2739 faciam3
794 2673 831 2720 er
850 2652 970 2740 quibus
985 2653 1098 2742 etiam,
1112 2654 1147 2721 id
1160 2655 1249 2741 quod
1265 2657 1337 2740 jam

272 2768 312 2836 de
325 2768 469 2848 Nicolao‚
485 2769 601 2837 cliente
622 2767 721 2856 hujus
742 2767 887 2855 familiar,
907 2767 1096 2857 conjectavi,
1117 2788 1191 2838 vere
1211 2768 1338 2839 dictum

272 2904 341 2951 esse
358 2884 530 2953 videbitur.

315 2998 375 3068 lll.
404 2999 554 3068 Vidimus
568 3000 656 3069 enim
675 2999 710 3065 in
725 2999 892 3086 superiore
907 3000 1010 3088 capite
1020 2999 1121 3088 hujus
1135 2998 1243 3088 libri¹,
1259 3023 1338 3069 curn

272 3115 464 3182 Anastasius
482 3114 651 3202 presbyter
664 3114 775 3183 sedem
794 3116 1002 3214 apostolicam
1016 3116 1047 3185 vi
1067 3125 1099 3184 et
1115 3115 1216 3184 armis
1236 3137 1340 3184 occu·

270 3228 370 3316 pavit,
387 3227 626 3317 Rhadoaldum,
642 3231 829 3318 episcopum
851 3229 1079 3318 Portuensem,
1096 3229 1167 3319 ejus
1187 3231 1336 3317 partibus

302 3428 325 3474 l.
351 3422 512 3474 «Constituit
533 3423 705 3488 (Hludovicus)
724 3424 827 3490 denique
845 3424 957 3474 consultu
978 3426 1140 3475 Romanorum
1157 3425 1296 3489 principum
1313 3426 1337 3475 in

270 3505 330 3554 urba
342 3491 557 3554 nomahrsentum
577 3503 705 3568 quemdam
728 3506 876 3568 episcopum,
890 3505 1018 3555 sanctitate
1036 3511 1061 3554 et
1078 3505 1180 3554 scientia
1193 3505 1337 3555 adornatum

269 3592 295 3636 et
307 3584 486 3650 apocrisiarium
495 3583 559 3633 sedis
571 3584 691 3644 Romanae,
706 3585 820 3649 deditque
833 3583 867 3634 illi
881 3584 1016 3647 adjutorem
1029 3586 1160 3640 iohannem
1172 3585 1300 3635 diaconum
1312 3592 1338 3635 et

269 3665 503 3714 archicancellarium
513 3679 630 3728 suumque
640 3667 804 3715 secretarium.
817 3682 830 3711 r
842 3667 879 3714 De
893 3665 983 3728 imper.
995 3667 1087 3729 potest.
1100 3664 1177 3714 libell.
1192 3665 1284 3727 (ibid).
1302 3670 1337 3716 lle

269 3760 315 3808 quo
327 3745 464 3796 testimonio
474 3743 645 3793 admoneamus
653 3757 748 3792 necesse
759 3749 804 3808 est,
814 3743 1011 3794 auctoremillum
1024 3744 1101 3805 ignoti
1113 3743 1216 3794 nominis
1228 3745 1336 3808 impera-

270 3830 347 3874 torum
360 3825 458 3890 quidem
473 3824 580 3889 partibus
597 3822 717 3872 adherere
731 3838 809 3888 neque
827 3824 851 3872 in
872 3823 988 3874 lauriando
1006 3831 1047 3874 aut
1067 3824 1226 3888 vituperando
1240 3839 1336 3875 cervara

269 3919 365 3968 semper
379 3905 568 3970 aequabilitatem
583 3902 679 3966 judicii,
697 3917 777 3952 rerum
797 3910 879 3952 tamen
895 3903 1063 3964 narrationem,
1086 3918 1169 3953 earum
1182 3903 1269 3953 saltem
1283 3918 1337 3967 quar

271 3993 326 4032 runt
339 3985 393 4033 noni
404 3985 486 4048 seculi,
502 3985 579 4034 multo
591 3982 671 4033 verius
690 3996 764 4046 quem
780 3983 878 4047 quidam
892 3983 1031 4033 existimant
1044 3984 1201 4048 expressisse;
1213 3983 1335 4048 siquidem

271 4062 291 4110 is
315 4063 408 4112 libellus
431 4081 477 4114 non
499 4074 606 4129 exeunte⁸
623 4063 703 4113 seculo
724 4063 826 4127 decimo,
849 4071 875 4112 ut
897 4065 1004 4126 vulgaria
1026 4064 1107 4126 opinio
1125 4065 1183 4124 fert,
1206 4063 1248 4113 sed
1271 4065 1336 4113 circa

268 4157 358 4191 artuum
372 4147 426 4204 896,
441 4148 587 4210 conscriptus
601 4161 652 4195 esse
666 4144 783 4195 videatur.
806 4147 838 4195 At
861 4143 910 4193 haro
933 4144 1008 4193 fusius
1031 4145 1055 4193 in
1076 4159 1149 4209 opere
1167 4143 1232 4208 quod
1249 4143 1334 4208 scripsi

269 4221 299 4272 de
313 4224 434 4274 Formoso
445 4241 525 4290 papa.

300 4305 323 4354 2.
341 4301 374 4353 V.
388 4317 412 4366 p.
429 4307 492 4354 dt-t.
