3006 5050
216 579 220 584 Ι
261 497 309 548 ΒΕ
330 497 496 551 ulcotlo
517 499 615 552 Pleu
634 501 645 550 l
667 499 833 560 utusque
852 499 1131 553 ululatuutetts
1198 501 1228 552 ⁹7

167 641 305 729 fuerint,
328 663 428 730 quam
449 663 568 730 parurn
591 653 720 731 apertae.
748 643 821 712 Nou
846 643 934 732 quod
956 645 1079 712 infitier
1098 643 1133 712 in
1155 663 1228 712 eam

168 759 345 826 amicitiam
367 758 520 826 incidisse
541 759 714 846 aliquando
742 759 864 847 aliquid
886 759 1029 848 frigoris,
1052 769 1108 828 aut
1130 757 1229 827 fuisse

166 874 300 941 tandem
327 874 415 941 inter
436 894 554 961 papam
577 885 608 941 et
633 875 879 962 apocrisiarium
903 876 1089 943 animorum
1111 894 1230 962 quam·

166 988 245 1055 dam
266 988 540 1077 disjunctionem
565 988 664 1077 hujus
691 991 781 1057 enim
808 993 992 1078 exemplum
1006 990 1092 1079 apud
1105 990 1231 1058 lohan-

166 1124 245 1170 nem
256 1104 437 1171 Diaconum
448 1105 674 1192 reperio,cum
684 1124 814 1192 nempe,
824 1104 877 1173 die
887 1103 1228 1192 qua'dam‚Arseoium

166 1221 286 1288 vestitu
310 1218 442 1310 judaico
463 1221 642 1290 insolenter
667 1231 833 1308 ornatum,
861 1222 1002 1310 palatina
1024 1222 1229 1309 processione

165 1356 277 1404 arcere
309 1336 446 1405 voluerit
471 1335 654 1405 Nicolaus¹.
683 1335 796 1423 Neque
823 1337 903 1404 mihi
923 1337 1062 1406 dubium
1082 1347 1130 1406 est
1148 1337 1230 1425 quin

164 1451 381 1520 diuturnitate
396 1452 563 1540 temporis,
586 1473 657 1540 quac
673 1452 744 1541 jam
762 1453 928 1540 inceperat
942 1453 1092 1521 alienatio
1107 1453 1230 1522 summi

165 1566 330 1654 pontificis
353 1565 393 1634 ab
414 1567 563 1654 episcopo
585 1566 752 1654 Hortensi,
772 1568 875 1635 multo
893 1567 1024 1654 gravius
1046 1567 1229 1656 exarsisset,

165 1689 341 1768 postquam
355 1682 507 1768 manime,
523 1702 637 1750 mense
658 1682 786 1750 circiter
804 1681 941 1768 octobri,
962 1681 1113 1750 Nicolaus
1127 1689 1230 1750 Arse-

166 1797 276 1863 nianae
299 1798 481 1884 rapacitatis
501 1818 560 1886 per
581 1798 726 1884 legatum
747 1797 924 1885 quemdam
948 1797 1131 1864 Hludowici
1147 1796 1231 1866 Ger-

165 1911 289 1978 manioi
303 1911 404 1980 factus
418 1921 466 1981 est
479 1910 627 1982 certior².
650 1916 707 1999 At,
730 1913 841 2000 paucis
861 1921 934 1999 post
954 1913 1021 1980 haec
1043 1912 1171 2000 diebus,
1192 1932 1229 1981 er

164 2029 229 2094 hec
253 2028 317 2094 vita
341 2027 536 2113 migraverat
559 2027 716 2116 pontifex,
743 2037 781 2094 ut
806 2027 967 2094 Arsenius
994 2047 1070 2094 oum
1098 2047 1230 2095 summo
1310 2082 1312 2094 .

164 2144 292 2210 honore
311 2142 522 2229 apocrisiarii,
544 2163 644 2231 quem
663 2164 681 2210 a
700 2142 833 2211 Nicolao
848 2141 1054 2231 Iaoceperat,
1071 2142 1111 2209 ad
1129 2143 1230 2210 finem

165 2256 394 2345 remanserit',
412 2267 449 2326 ut
468 2278 567 2346 penes
588 2258 694 2345 illum,
715 2279 753 2326 eo
774 2257 841 2327 fere
860 2258 951 2326 omui
965 2258 1167 2346 pontificatu,
1182 2259 1231 2327 vis

124 2379 131 2388 '
165 2393 290 2460 magna
322 2372 479 2442 Romanu
511 2373 650 2442 civitatis
684 2373 783 2442 fuerit
818 2393 995 2463 rerumque
1026 2373 1232 2461 politicarum

165 2509 299 2556 summa
313 2488 449 2556 curatio.

213 2603 257 2672 V.
282 2605 376 2685 Quod
392 2605 420 2672 si
437 2603 513 2692 quis
533 2613 606 2691 post
623 2623 677 2673 me
695 2605 833 2691 probare
856 2606 940 2674 volet
959 2604 993 2672 in
1014 2603 1055 2672 iis
1076 2604 1232 2673 omuibus

165 2739 242 2806 quae
257 2721 413 2788 hactenus
429 2719 561 2789 inventa
576 2728 666 2807 sunt,
689 2720 771 2787 nihil
787 2740 858 2788 esse
877 2720 963 2808 quod
985 2719 1117 2787 Nicolao
1131 2721 1232 2806 possit

165 2834 300 2902 crimini
321 2835 415 2923 verti,
438 2834 505 2902 sive
520 2834 607 2922 quod
628 2835 675 2902 sio
689 2855 839 2903 summus
860 2834 915 2902 ille
929 2833 1071 2923 pontifex
1085 2833 1229 2900 officium

165 2959 337 3037 receptum
358 2951 559 3039 persolverit,
586 2959 643 3018 aut
662 2950 753 3038 quia,
775 2950 978 3038 temporibus
998 2949 1073 3036 illis,
1088 2948 1230 3016 Romani

165 3065 279 3152 plures
303 3085 363 3133 nec
381 3065 486 3132 multo
510 3074 619 3134 esseut
642 3085 743 3152 quam
765 3065 926 3134 Arsenius
947 3074 1004 3132 aut
1024 3064 1231 3133 Rhadoaldus

202 3317 225 3362 l.
243 3329 257 3358 o
266 3314 328 3363 Nam
341 3312 476 3362 reverenda
490 3312 612 3364 memoria
624 3312 739 3364 Nicotaus
751 3311 865 3378 pontifex,
879 3312 1018 3376 Amanium,
1031 3313 1153 3379 quondam
1170 3315 1231 3363 llor-

166 3399 232 3442 tane
256 3392 358 3441 civitatis
381 3393 531 3458 episcopum,
550 3393 660 3456 judaicas
679 3400 738 3442 tunc
758 3393 864 3458 primum
885 3392 990 3456 peluclas
1011 3392 1162 3444 introducere
1179 3408 1234 3442 mo·

166 3473 276 3535 lientem,
289 3471 348 3521 adeo
362 3478 482 3522 aversatus
500 3478 546 3536 est,
561 3478 589 3522 ut
601 3473 623 3522 ei
638 3473 766 3537 palatinam
785 3473 961 3538 processionem
978 3472 1047 3524 vellet
1060 3473 1175 3537 adimere,
1187 3472 1233 3522 nisi

165 3552 338 3615 superstitiosa
358 3553 437 3613 gentis
452 3558 531 3602 vastes
546 3551 687 3616 abjurando,
704 3567 759 3602 cum
774 3551 958 3603 sacerdotalibus
979 3552 1061 3602 infulis
1078 3551 1233 3603 consuetudi·

165 3631 255 3683 naliter
268 3631 395 3696 procedere
410 3632 548 3682 studuisset.
564 3649 577 3680 u
601 3632 718 3682 iohannis
735 3632 835 3682 Diaconi
853 3634 910 3684 Vita
930 3633 1048 3698 Greqorii
1067 3634 1113 3696 lt,
1130 3632 1173 3682 lib.
1187 3633 1232 3694 IV,

164 3728 193 3764 c·
207 3713 336 3776 LlMigue,
347 3711 375 3760 P.
392 3713 429 3776 l..,
442 3718 461 3762 t.
477 3713 576 3775 LXXV,
587 3728 612 3777 p.
624 3712 689 3776 aot).

199 3798 224 3844 2.
243 3793 273 3843 V.
287 3791 380 3841 Nicolai
395 3792 534 3853 epistotam
560 3792 596 3842 od
609 3792 783 3842 Hludowicum
805 3793 924 3843 German.
947 3807 1019 3855 supra
1033 3791 1132 3841 citatam
1144 3792 1179 3855 (p.
1192 3792 1231 3852 95,

165 3888 193 3923 u.
205 3872 242 3936 2),
252 3887 305 3935 quae
314 3871 403 3935 scripta
414 3878 450 3920 est
464 3871 489 3920 d.
502 3874 531 3921 at
546 3886 580 3922 m.
595 3871 699 3921 octobris
712 3887 736 3920 a.
751 3875 798 3923 867
813 3872 856 3937 (cl.
870 3871 940 3934 taut,
954 3886 980 3919 n.
991 3872 1073 3934 2884).

199 3954 224 4001 3.
250 3952 378 4000 Arsenium
404 3966 419 4000 a
448 3950 544 4002 Nicolao
566 3952 577 4002 1
599 3966 646 4000 uon
672 3958 778 4002 amotum
798 3952 872 4001 fuisse
896 3965 994 4000 munere
1019 3950 1181 4014 apocrisiarii,
1202 3952 1233 4002 ab

165 4031 291 4084 Hadriano
313 4032 346 4094 ll,
369 4030 459 4081 Nicolai
481 4045 624 4095 successore,
647 4033 791 4096 accepimus,
812 4031 865 4097 qui,
880 4030 977 4079 ineunte
999 4029 1070 4093 ipsius
1085 4030 1233 4096 pontificatu,

164 4112 276 4163 scribens
293 4110 324 4159 ed
341 4110 497 4160 lliucmarum
516 4111 666 4174 flemensem,
681 4112 807 4162 Arsaniam
827 4117 880 4160 tum
902 4108 1032 4173 appellavit
1050 4111 1235 4162 «venerabilem

161 4191 347 4256 apocrisiarium
361 4190 424 4240 sedis
439 4206 520 4243 sua».
542 4191 580 4240 Vr
594 4191 706 4241 Hadriani
732 4193 755 4242 ll
778 4192 860 4256 Epist.
882 4189 918 4248 ad
939 4190 1106 4240 Ht'ucmmatm
1128 4190 1231 4255 (lligue,

163 4279 185 4322 t.
200 4271 302 4333 cxxfl,
318 4285 341 4334 p.
357 4273 427 4334 tall,
441 4276 465 4320 et
480 4285 560 4334 supra,
575 4270 735 4334 p.12).llac
750 4277 832 4320 autem
846 4268 961 4320 Hadriani
973 4269 1073 4335 epistola
1092 4271 1180 4334 scripta
1196 4278 1233 4322 est

164 4353 191 4402 d.
205 4355 219 4402 8
232 4367 266 4404 m.
277 4350 359 4402 Martii
370 4365 393 4400 a.
403 4351 449 4402 868
466 4351 507 4415 (cf.
520 4349 591 4415 leffe,
607 4366 632 4401 o.
644 4351 725 4414 2905).
1020 4365 1023 4370 ·

1096 4443 1111 4490 'l
