3006 5050
256 403 303 454 ltu
343 403 549 456 sulsrsslt
570 401 761 452 tuouulttu
783 402 830 451 EX
851 400 1052 452 sulsrotts
1073 402 1263 452 NlCOLAll

302 545 395 626 Quod
410 545 438 614 si
453 545 555 633 igitur
572 545 608 613 in
622 544 739 614 litteris
752 543 877 612 Nicolai
892 543 907 612 Ι
924 544 1007 612 nihil
1029 544 1118 612 aliud
1141 544 1327 612 flincmaro

258 659 485 747 exprobratum
506 659 632 747 luisset,
649 680 717 728 nou
731 668 816 728 esset
836 680 895 727 cur
921 662 1014 749 plura
1032 659 1214 728 diceremus
1229 660 1270 728 de
1288 679 1327 727 re

256 775 427 842 manifesta
442 795 451 863 ;
476 785 509 842 at
529 775 709 863 epistolaris
724 774 909 862 pontificius
923 775 1054 861 longius
1069 795 1258 862 progressus
1273 784 1327 843 est

257 912 294 958 ac
305 899 548 977 perseveranter
563 889 605 959 ab
618 891 713 958 initio
729 890 956 960 controversia
976 890 1144 958 contendit
1163 890 1325 979 episcopis

258 1003 370 1072 Galliae
391 1026 457 1072 nou
479 1005 622 1091 licuisse,
644 1015 719 1073 ante
742 1005 827 1073 sedis
850 1005 1031 1092 apostolicae
1052 1005 1216 1091 cognitam
1244 1025 1325 1073 sen·

256 1121 405 1206 tentiam,
420 1119 607 1188 Rothadum
623 1118 1058 1209 appellantcmpraejndicare
1071 1141 1108 1188 ac
1120 1120 1324 1208 depositione

257 1236 424 1323 dignitatis
450 1237 588 1323 plectere
604 1235 625 1302 ¹.
668 1236 782 1324 Neque
814 1235 894 1304 adeo
922 1256 1036 1304 verum
1075 1245 1124 1304 est
1162 1235 1196 1302 id
1232 1234 1326 1322 quod

257 1351 392 1440 quidam
420 1361 569 1420 asserunt
579 1349 604 1438 ²,
633 1350 805 1419 Nicolaum
835 1350 864 1438 l,
901 1372 990 1436 cum,
1022 1350 1059 1418 in
1089 1370 1188 1419 cursu
1216 1371 1324 1420 causae

251 1465 481 1552 'Rothadianaa
497 1464 824 1534 Pseudo-isidoriana
845 1475 1029 1534 commenta
1051 1466 1088 1532 in
1107 1487 1227 1535 manus
1250 1465 1323 1555 ejus

257 1581 438 1667 venissent,
476 1591 547 1648 tum
587 1581 732 1668 primum
773 1581 835 1649 sibi
874 1581 1054 1650 vindicasse
1096 1582 1324 1670 cpiscoporum

253 1695 398 1786 judicia;
433 1696 537 1764 multo
561 1706 646 1764 esset
668 1696 777 1765 verius
799 1697 888 1764 hunc
916 1716 1035 1783 papam
1066 1717 1104 1764 ex
1134 1697 1323 1783 cognitione

257 1810 412 1879 lalsarum
440 1811 651 1880 decretalium
679 1812 715 1878 in
740 1832 798 1880 sua
826 1812 987 1879 sententia
1011 1812 1113 1880 fuisse
1139 1812 1321 1891 firmatum,

258 1947 324 1995 non
352 1947 428 1995 vcro
459 1926 684 1994 immutatum.
713 1925 808 2006 Quod
843 1927 932 1994 enim
960 1937 1047 1996 certe
1066 1937 1231 1995 mutatum
1257 1938 1321 2016 est,

256 2063 295 2111 ea
335 2052 384 2110 est
417 2040 671 2128 argumentandi
709 2041 790 2108 ratio
820 2063 885 2129 qua
915 2042 1121 2130 Anastasius,
1157 2043 1193 2109 in
1224 2063 1324 2111 causa

257 2157 411 2243 Rothadi,
438 2157 559 2245 judicia
581 2156 808 2244 episcoporum
828 2157 869 2223 ad
891 2157 1000 2225 sedam
1022 2159 1230 2247 apostolicam
1249 2178 1325 2247 per-

257 2274 362 2342 tinere
398 2272 657 2360 demonstravit3
697 2293 770 2360 quae
801 2272 934 2359 quidem
975 2273 1216 2359 argumentatio
1254 2283 1324 2342 tam

256 2516 310 2551 esse
332 2499 465 2566 depositus,
487 2500 584 2551 omnino
607 2515 654 2550 non
672 2501 804 2564 ordinetur,
825 2501 871 2551 nisi
889 2516 961 2552 causa
978 2502 1050 2552 luerit
1068 2501 1200 2565 injudicio
1216 2503 1325 2569 episcopi

257 2581 358 2632 Romani
370 2580 537 2630 determinata.
547 2598 561 2629 6
577 2581 678 2631 Sardio.
695 2596 762 2631 cono.
777 2595 830 2630 can.
846 2583 879 2632 lV
893 2581 997 2646 (liciole,
1012 2597 1052 2646 op.
1066 2581 1094 2645 l.,
1110 2598 1135 2648 p.
1150 2584 1216 2649 554).

289 2665 311 2711 l.
329 2660 434 2723 Etenim,
450 2661 619 2711 ineunteanno
642 2663 697 2720 863,
722 2663 774 2724 jam
797 2661 916 2711 scribebat
940 2661 970 2711 ad
988 2662 1145 2711 llincmarum
1171 2677 1178 2712 ε
1206 2663 1324 2714 cluditu

255 2741 334 2792 veraci
361 2741 515 2803 cognorimus
535 2741 598 2805 quod
623 2740 747 2790 Rothadus
778 2740 853 2790 irater
880 2746 904 2790 et
927 2740 1082 2806 coepiscopus
1107 2749 1189 2792 noster
1216 2743 1324 2794 cedetis

256 2822 412 2874 Suessionicrc
414 2856 462 2874 .....
488 2837 503 2871 a
524 2827 604 2871 vestre
632 2821 759 2870 sanctitate
780 2821 826 2870 luit
851 2822 983 2887 impetitus,
1008 2829 1033 2872 et
1049 2822 1136 2886 adhuc,
1154 2824 1223 2888 quod
1246 2825 1323 2889 nefus

255 2906 303 2964 est,
322 2903 404 2952 sedem
426 2901 580 2967 apostolicam
602 2900 733 2966 appellans,
752 2903 821 2964 juxta
839 2901 903 2965 quod
924 2901 970 2950 sibi
995 2917 1010 2951 a
1028 2903 1135 2967 patribus
1156 2909 1251 2952 constat
1271 2919 1325 2954 esse

255 2982 408 3046 permissum,
424 2984 574 3049 episcopatus
586 2981 659 3032 etiam
678 2980 764 3030 abeam
786 2980 916 3046 expoliatus
930 2981 1028 3046 bonore,
1043 2989 1068 3032 et
1081 2982 1106 3031 in
1115 2983 1227 3032 exsilium
1236 2982 1322 3048 depor-

257 3067 330 3122 tatus,
353 3061 468 3112 hactenus
492 3062 515 3111 in
537 3061 680 3111 monasterio
700 3066 808 3110 retrusus
832 3061 953 3111 cristato
980 3061 1073 3112 Nicolai
1087 3065 1172 3126 Epist.
1187 3063 1224 3112 cd
1244 3064 1322 3114 Ht'uc-

256 3154 358 3189 murum
372 3141 474 3202 (Migne,
489 3141 559 3204 ibid,
576 3156 615 3205 ep.
628 3143 669 3202 sl,
688 3156 713 3205 p.
732 3143 793 3201 8253
814 3139 846 3190 cl.
861 3140 930 3204 dalle,
943 3157 968 3190 n.
983 3142 1065 3206 2712).
1083 3146 1161 3207 Atque
1177 3143 1221 3192 hoc
1236 3143 1321 3193 eodem

255 3234 318 3269 enno
332 3219 425 3270 circiter
437 3220 516 3270 medic
530 3236 536 3270 ι
553 3222 683 3286 «Cumque
695 3220 763 3270 lectis
775 3222 936 3271 monumentis
948 3229 1082 3285 gestorum,
1098 3223 1185 3287 quibus
1199 3237 1255 3272 cum
1271 3238 1319 3273 cse-

256 3302 312 3351 teris
327 3301 472 3367 coepiscopis
482 3301 530 3350 tuis
543 3302 593 3351 risa
606 3308 642 3350 cst
652 3309 693 3350 tua
701 3315 797 3365 quoque
810 3301 977 3352 venerabilitas
994 3302 1173 3369 subscripsisse,
1184 3304 1320 3356 invenimus

255 3382 430 3432 sanctissimum
449 3381 549 3430 fratrem
563 3381 699 3430 Rothadum
713 3379 868 3444 apostolicam
885 3381 1046 3445 appellantem
1065 3383 1156 3446 sedem,
1172 3384 1239 3432 robis
1251 3383 1319 3447 judi-

254 3461 373 3524 cantibus,
384 3461 459 3523 gradu
467 3460 617 3526 episcopatus
628 3460 757 3524 dejectum,
763 3459 832 3510 raldo
842 3459 990 3511 doluimusr
1000 3461 1091 3512 Nicolai
1102 3463 1186 3527 Epist.
1195 3465 1234 3514 ad
1241 3465 1319 3514 iiiuc-

255 3557 356 3594 morum
371 3541 473 3605 (iligna,
484 3547 503 3590 t.
515 3541 598 3603 cxlx,
608 3555 648 3606 ep.
661 3543 701 3603 33,
713 3555 739 3604 p.
751 3542 812 3602 823;
827 3540 859 3590 cl.
872 3540 943 3602 aaut,
957 3545 1073 3604 n.2l2l).
1088 3544 1225 3605 «ignorare
1236 3550 1320 3594 autem

255 3622 430 3672 iratemitatem
448 3627 552 3671 vestram
565 3635 613 3670 non
626 3620 730 3684 patimur
745 3621 854 3670 animum
870 3627 978 3671 nostrum
999 3636 1046 3672 uon
1062 3623 1214 3674 mediocriter
1225 3623 1318 3684 laum,

254 3717 284 3752 eo
294 3701 387 3767 quod...
400 3699 559 3766 appellantem
571 3699 684 3750 eumdem
692 3699 828 3750 Rothadum
845 3699 998 3764 apostolicam
1012 3702 1093 3752 sedem
1102 3702 1268 3768 deposueritis,
1291 3718 1320 3754 aa

298 3781 442 3832 monasterio
458 3780 624 3831 retruseritis:
641 3779 706 3844 quod
728 3794 777 3829 non
796 3779 842 3830 nisi
856 3780 881 3828 in
901 3787 1066 3848 contemptum
1081 3783 1145 3834 beati
1159 3783 1235 3844 Petri,
1249 3785 1319 3848 cujus

249 3859 370 3922 judicium
381 3859 505 3926 expetivit,
519 3859 584 3910 etin
601 3857 770 3908 contumeliam
792 3873 912 3910 sacrorum
926 3875 1053 3926 canonum,
1065 3868 1091 3912 et
1104 3862 1318 3914 ecclesiasticarum

254 3940 409 3991 traditionum
424 3947 606 4006 presumptum,
625 3953 653 3988 ec
667 3943 758 3988 temere
774 3937 907 3990 admissum
927 3941 1026 3991 minime
1046 3942 1210 3994 dubiumr.»
1228 3943 1317 3994 Nicolai

256 4019 337 4083 Epist.
363 4022 398 4071 ad
424 4023 498 4087 episc.
526 4037 584 4087 syn.
607 4019 737 4070 Suessiou.
758 4017 860 4082 (iligna,
876 4020 946 4085 ibid,
963 4036 1004 4086 ep.
1018 4024 1059 4086 ³5,
1075 4038 1100 4087 p.
1120 4024 1179 4084 828;
1195 4023 1227 4073 cl.
1247 4022 1317 4088 taut,

254 4100 374 4162 n.2'l²3).

286 4179 310 4227 2.
326 4180 363 4228 De
374 4180 461 4244 quibus
474 4188 512 4232 est
525 4181 659 4232 Ludoricus
673 4178 703 4228 de
714 4179 824 4240 Reguon.
837 4179 869 4229 V.
883 4182 919 4231 Lu
930 4182 1044 4246 question
1061 4181 1106 4233 des
1116 4184 1216 4246 faceres
1229 4182 1315 4233 stee-

254 4256 319 4308 rates
333 4273 363 4308 en
378 4261 438 4310 racc
449 4250 556 4324 (turres
569 4261 722 4325 recuccus,
739 4260 847 4322 recep
861 4262 983 4326 666666).
