2954 5050
259 403 305 460 eso
476 400 693 465 iuisrlsu,
718 401 917 453 ιιιιιιιιιιιο
942 402 1040 455 reru
1061 403 1103 466 ιι,

260 546 510 634 animorumque
523 544 661 634 perfecta
673 546 874 615 consensio¹.
891 543 956 615 Sed
973 555 1037 615 tres
1052 547 1131 615 anni
1149 547 1318 616 vixinter-

259 671 433 751 cesserant,
455 661 607 731 Nicolaus
632 670 719 731 totus
750 663 867 750 patuit,
899 663 992 750 isque
1021 663 1078 750 qui
1109 662 1316 751 imperatoris

260 777 437 869 presertim
466 778 585 846 auxilio
610 777 713 847 faetus
738 787 809 847 erat
834 777 978 867 pontifex
996 778 1170 868 maximus,
1193 801 1259 848 non
1281 800 1320 849 se

259 894 475 992 imperatorie
489 893 679 964 ministrum
692 895 857 983 potentie,
873 893 931 963 sed
947 915 1015 963 sue
1026 894 1228 964 defensorem
1243 917 1322 983 pro·

258 1011 353 1084 didit.
371 1010 455 1079 Hinc
470 1018 605 1098 ruptum
625 1010 731 1080 fmdus
750 1011 984 1099 dissocietaque
1002 1010 1157 1102 amicitia,
1172 1013 1260 1100 hinc,
1281 1022 1322 1080 ut

259 1129 311 1212 fit,
340 1147 379 1196 eo
404 1127 626 1196 vehementior
653 1127 822 1198 iracundia
848 1136 945 1217 atque
970 1127 1128 1217 suspicio,
1157 1150 1221 1220 quo
1247 1148 1322 1219 spes

258 1243 364 1333 major
380 1242 488 1314 fuerat
500 1252 599 1331 atque
613 1245 744 1314 fiducia.

303 1360 340 1431 Si
360 1363 417 1452 qui
439 1371 532 1431 erant
554 1362 657 1450 igitur
675 1362 733 1450 qui
752 1363 920 1450 querelem
936 1364 976 1433 de
996 1362 1128 1432 Nicoleo
1149 1363 1320 1454 haberent,

260 1501 389 1570 semper
406 1480 444 1548 ad
466 1480 624 1549 auxilium
641 1479 752 1548 aderat
772 1478 994 1569 Hludowious,
1013 1488 1050 1548 ut
1066 1481 1140 1548 aula
1166 1481 1322 1570 principis

258 1596 414 1668 omnibus
431 1595 517 1666 sedis
534 1596 715 1685 apostolice
728 1595 877 1665 hostibus
891 1599 1129 1686 receptaculum
1143 1597 1318 1681 videretur,

259 1713 511 1802 rebellionisque
533 1712 792 1782 munimentum.
820 1713 930 1801 Atque
952 1715 1012 1781 hoo
1035 1712 1153 1800 saepius
1175 1734 1227 1783 res
1250 1715 1321 1784 sine

261 1829 359 1901 modo
372 1839 405 1899 et
422 1829 558 1899 oonsilio
572 1828 800 1917 erumpebant,
814 1829 902 1917 quod
918 1829 1028 1897 omnia
1041 1829 1257 1899 movebantur
1273 1831 1322 1900 ire

258 1945 401 2016 feminee
415 1956 448 2015 et
458 1967 573 2014 manu.
587 1944 731 2026 Etenim,
743 1953 859 2033 praeter
869 1943 1045 2013 Photianas
1054 1954 1175 2035 partes,
1187 1946 1320 2034 quibus,

259 2069 296 2132 ut
310 2072 405 2131 antea
419 2060 498 2148 dixi,
519 2059 730 2128 Hludowious
746 2059 884 2147 ejusque
904 2059 1021 2148 conjux
1039 2059 1226 2143 favebant,
1249 2061 1322 2129 illos

259 2179 391 2249 eosdem
422 2187 593 2268 patronos,
622 2175 679 2246 sed
705 2176 847 2244 maxime
871 2173 1128 2264 engelbergam,
1162 2176 1320 2246 habuerat

258 2294 437 2381 solennes,
462 2292 722 2380 archiepiscopus
742 2291 928 2379 Ravennas,
950 2292 1007 2380 qui
1025 2292 1150 2380 primus
1171 2302 1321 2381 expertus

259 2421 329 2480 erat
341 2410 456 2500 quanti
470 2430 522 2479 res
538 2419 622 2479 esset
633 2410 769 2499 periculi
781 2409 854 2477 talis
869 2430 960 2499 papa
973 2409 1207 2499 obedientiam,
1221 2411 1321 2480 etiam

258 2547 334 2598 cum
347 2527 553 2616 imperatoris
573 2526 707 2614 auxilio,
722 2524 863 2614 abjicere
883 2524 996 2616 velle³3
1022 2526 1093 2595 illos
1119 2525 1320 2603 Guntharius

290 2691 313 2740 l.
331 2689 360 2740 P.
374 2689 459 2740 'lo-tt.

288 2772 314 2822 2.
331 2770 363 2820 V.
377 2784 457 2835 supra,
470 2783 496 2834 p.
512 2770 566 2819 etc.

289 2852 313 2904 3.
330 2851 381 2901 Hoc
392 2849 507 2902 lobannis
518 2846 690 2913 archiepiscopi
703 2847 849 2898 Ravennatis
861 2862 917 2898 cum
930 2847 1027 2898 Nicolao
1041 2864 1104 2916 pepe
1117 2849 1127 2900 1
1142 2849 1241 2913 longum
1253 2866 1320 2902 ecor-

258 2931 395 2997 rimumque
408 2929 507 2992 bellom,
522 2928 586 2994 quod
600 2933 708 2978 exortum
718 2933 756 2977 est
768 2943 791 2978 a.
804 2931 847 2982 861
864 2928 898 2993 (v.
907 2927 977 2994 June,
992 2944 1017 2994 p.
1032 2931 1098 2995 343),
1113 2931 1138 2980 in
1151 2932 1209 2981 vie
1230 2932 1320 2982 Nicolai

257 3012 366 3079 pluribus
387 3017 459 3076 atque
481 3009 563 3059 ordine
584 3015 693 3060 narratur
710 3009 773 3074 (Vir.
791 3007 900 3070 Nicolei,
920 3023 942 3059 o.
960 3022 1107 3071 xxx-xxxv,
1126 3023 1153 3072 n,
1168 3027 1193 3076 p.
1209 3014 1305 3065 183th
1311 3050 1319 3078 ,

259 3091 386 3154 les-sco),
400 3090 443 3141 sed
457 3088 561 3154 prudens
583 3088 692 3155 scriptor,
714 3104 757 3156 pro
777 3103 844 3140 more
864 3105 914 3152 suo,
934 3105 983 3139 uon
1003 3091 1123 3141 commisit
1143 3097 1170 3141 ut
1189 3092 1320 3158 quidquam

257 3174 348 3224 diceret
368 3169 507 3220 illudowico
530 3169 669 3233 imperatori
684 3171 806 3233 ingratum
820 3176 845 3220 et
860 3171 976 3235 odiosum,
997 3172 1031 3222 ite
1046 3177 1128 3221 temen
1148 3187 1231 3222 rernm
1251 3173 1320 3224 dissi-

258 3253 352 3304 mulem
364 3256 391 3301 nt
403 3250 427 3300 id
440 3265 469 3300 ex
482 3255 549 3314 porte
559 3257 654 3315 pareret
668 3251 702 3316 (r.
717 3251 831 3316 incapite
844 3251 1152 3316 xxv111,p.186·'l).llem
1161 3252 1236 3303 multo
1250 3269 1320 3318 eper-

257 3335 314 3398 tiue,
322 3332 431 3399 quemvis
441 3331 558 3381 infensius
567 3332 674 3397 pontifici
681 3334 798 3391 Romano.
807 3332 843 3381 sie
852 3331 960 3397 exposuit
970 3333 1071 3397 scriptor
1081 3332 1175 3384 Libelli
1188 3334 1220 3385 de
1229 3339 1320 3400 polest.

258 3416 376 3480 imperat.
397 3413 424 3462 io
444 3410 508 3462 urbe
533 3411 635 3462 Romu:
657 3411 831 3462 «Presidebet
852 3426 956 3478 nemque
979 3417 1036 3462 tunc
1058 3413 1194 3465 Ravennati
1218 3415 1321 3466 ecclesie

257 3495 379 3549 temones
391 3491 594 3557 archiepiscopus,
606 3492 648 3557 qui
661 3493 766 3542 seruiens
788 3493 925 3558 imperatori
939 3492 1043 3542 familior
1062 3499 1124 3544 erat.
1145 3494 1215 3546 Unde
1236 3495 1322 3546 inuidia

258 3577 343 3628 ductus
356 3576 478 3626 Romanus
492 3571 598 3637 pontifex
609 3572 705 3622 nomine
716 3572 839 3637 Nieoleus,
850 3573 937 3623 exarsit
945 3573 971 3622 in
981 3573 1043 3622 irem
1052 3579 1134 3623 contra
1147 3574 1223 3636 illum,
1236 3591 1321 3627 reeens

258 3670 314 3706 eum
328 3651 429 3705 subdole
443 3653 553 3716 Romam,
565 3656 594 3701 ιιι
608 3651 676 3716 qussi
689 3651 848 3703 ecclesiastico
868 3652 959 3716 J'udieio
977 3657 1059 3718 posset
1077 3651 1142 3703 hune
1165 3655 1322 3707 condemnare

258 3743 284 3789 et
294 3736 398 3787 alterum
410 3732 549 3795 subtegere.
564 3731 609 3782 ilie
621 3731 710 3796 quippe
724 3732 820 3797 auditis,
836 3733 1028 3798 archiepiscopus
1047 3732 1157 3796 confugit
1169 3735 1200 3785 ad
1215 3737 1321 3798 reginam

259 3815 446 3879 Engelbergam,
461 3826 513 3877 que
527 3825 581 3860 suos
593 3810 687 3874 legatos
701 3809 786 3861 direxit
799 3813 936 3877 apostolico,
950 3826 1036 3875 rogans
1052 3819 1077 3862 ut
1091 3813 1203 3866 redderet
1220 3816 1321 3879 gratiam

259 3896 444 3960 archiepiscopo.
464 3891 534 3952 Quod
550 3906 604 3941 cum
621 3890 750 3955 impetrem
765 3892 888 3957 nequiret,
903 3908 946 3942 suo
960 3893 1054 3943 domino
1067 3892 1192 3946 humiliter
1206 3897 1322 3948 intimavit

260 3982 290 4027 ιιι
303 3976 406 4038 gretiam
427 3973 563 4024 interferret
577 3987 625 4022 sne
638 3971 746 4022 tuitionis
762 3971 948 4039 archiepiscopo,
963 3980 1046 4024 recens
1063 3974 1222 4039 apostolieum
1234 3977 1255 4028 ei
1269 3977 1321 4027 nul-

259 4055 309 4106 iem
319 4054 509 4120 inquietudinem
520 4054 606 4104 fecere.
616 4055 648 4104 Et
659 4052 715 4118 quie
729 4051 836 4102 inaudito
852 4055 960 4121 principe
975 4047 1321 4120 apostolicus'excommunice·

260 4137 338 4186 tiones
352 4135 377 4184 in
390 4149 446 4184 eum
465 4133 572 4199 protulit,
587 4134 668 4197 gravis
685 4133 811 4184 inimicitia
828 4133 944 4184 intereos
960 4135 1023 4185 laeta
1034 4141 1079 4186 est.
1093 4135 1193 4186 Erectus
1205 4145 1241 4190 eet
1254 4139 1321 4190 deui-

262 4229 309 4280 que
323 4215 408 4277 regine,
421 4215 496 4264 bonor
509 4221 591 4264 contra
604 4213 758 4280 apostolicam
776 4214 929 4280 dignitatem,
944 4215 1060 4279 objiciens
1074 4216 1096 4266 ei
1110 4216 1209 4281 uultque
1228 4225 1320 4283 patrum

261 4298 351 4346 ιιιιιιιι
365 4308 373 4345 r
385 4307 433 4343 nou
454 4292 526 4344 licere
546 4293 642 4360 prelato
666 4295 871 4346 excommunicare
893 4296 1040 4364 episcopum,
1062 4295 1196 4348 inconsulto
1218 4297 1321 4368 synodali
