3006 5050
273 453 303 502 90
366 453 601 504 ventecano
623 453 718 503 Para
740 453 749 502 l
771 451 942 511 elusone
962 451 1244 504 saututanleus

273 606 435 682 serentur,
464 601 534 664 erat
561 603 632 692 tum
660 593 888 685 apocrisiarius
925 595 1010 663 sedis
1036 595 1217 683 apostolicae
1241 593 1335 682 qnasi

273 713 366 799 regni
381 711 533 779 minister
545 731 563 777 a
577 712 675 779 rebus
690 711 851 798 precipue
865 720 1075 796 quassocant
1087 719 1298 778 externorum
1312 711 1335 777 ¹.

272 827 331 895 His
346 827 446 913 igitur
461 826 653 894 muneribus
669 839 702 894 et
714 825 866 914 dignitati
881 825 1033 894 Nicolaus
1049 826 1230 894 Arsenium
1245 825 1338 893 Hor·

272 951 399 1010 tensam
421 941 608 1028 praeposuit.
630 940 749 1009 Factus
761 950 811 1010 est
824 961 842 1009 a
856 940 989 1009 Nicolao
1008 949 1100 1028 pater
1116 940 1285 1008 Anastasii
1306 951 1339 1009 et

272 1051 498 1144 apocrisiarius
517 1066 549 1126 ct
562 1055 767 1125 consiliarius
791 1057 933 1124 ecclesis
956 1053 1150 1143 Romanae²;
1167 1055 1244 1143 qui,
1259 1075 1338 1138 cum

272 1181 367 1257 asset,
393 1172 507 1240 eodem
531 1181 689 1259 tempore,
715 1170 898 1240 Hludowici
917 1169 1122 1257 imperatoris
1142 1170 1284 1239 vicarius
1306 1179 1340 1239 et

271 1285 473 1372 familiaris⁸,
499 1287 570 1376 jam
602 1286 741 1374 perspici
766 1295 871 1376 potest
895 1293 1055 1374 quantam
1080 1284 1146 1352 vim
1173 1285 1209 1352 in
1235 1285 1338 1354 rebus

271 1401 441 1488 Romanis,
458 1401 544 1490 quod
559 1400 686 1489 pondus
700 1400 864 1468 babuerit.

315 1516 363 1585 Ac
378 1535 413 1586 re
427 1517 560 1604 quidem
580 1535 655 1585 vera
679 1515 720 1582 ad
740 1515 933 1600 Arsaniam,
958 1513 1090 1583 Nicolao
1110 1535 1207 1604 papa,
1231 1517 1337 1584 multa

270 1641 431 1702 venemnt
440 1633 617 1721 magnique
629 1632 788 1700 momenti
801 1631 943 1718 negotia.
957 1631 1018 1700 Hic
1027 1631 1185 1719 primum,
1198 1632 1338 1701 ineunte

269 1749 325 1817 illo
340 1748 540 1837 pontificato,
562 1749 596 1816 in
614 1746 733 1816 Gallias
749 1747 869 1816 missus
884 1757 949 1836 est3
965 1746 1006 1815 de
1020 1767 1084 1833 qua
1100 1747 1263 1833 legatione
1275 1751 1338 1816 hoc

270 1884 376 1931 unum
399 1864 562 1951 novimus,
585 1863 746 1951 grandem
765 1863 950 1951 pecuniam,
969 1883 1042 1951 quat
1065 1881 1102 1931 ex
1126 1862 1337 1952 patrimoniis

269 1978 411 2046 ecclesiae
433 1976 588 2046 Romane
611 1977 750 2066 redibat,
775 1977 810 2044 in
835 1997 873 2046 aa
891 1978 1023 2063 regione
1044 1977 1084 2046 ab
1104 1977 1245 2045 Arsenio
1265 1997 1339 2046 esso

269 2103 426 2180 coactam,
449 2092 505 2160 sed
527 2112 604 2161 eum
625 2092 708 2160 nihil
733 2101 789 2160 ant
813 2092 977 2159 tantulum
999 2091 1191 2160 retribuisse
1202 2112 1337 2160 summo

269 2209 426 2295 pontifici,
439 2207 526 2294 quod
541 2207 570 2275 ei
585 2207 687 2293 fures,
704 2207 784 2274 dum
797 2208 831 2275 in
844 2204 956 2275 Galliis
971 2218 1166 2294 versaretur,
1177 2228 1338 2293 magnam

268 2323 413 2390 thesauri
424 2330 548 2408 partem
559 2321 826 2409 surripuissent⁴.
843 2323 930 2390 Atin
942 2326 1002 2391 hoc
1013 2324 1222 2391 vehementer
1230 2322 1338 2410 suspi-

269 2456 325 2504 cor
337 2436 447 2524 ipsum
460 2434 567 2504 iurem
581 2436 681 2505 luisse
697 2438 887 2527 arsenium,
904 2459 972 2506 non
988 2438 1085 2530 modo
1100 2438 1178 2526 quia
1200 2439 1268 2525 ille,
1293 2458 1337 2507 ex

301 2634 325 2682 l.
340 2632 391 2680 lloc
401 2636 495 2680 tantum
504 2629 534 2680 de
543 2630 622 2680 seculo
632 2645 706 2692 nono;
720 2647 785 2695 nam,
796 2633 957 2696 superioribus
966 2633 1088 2698 aetatibus,
1098 2640 1124 2683 et
1131 2638 1200 2684 erant
1208 2631 1338 2697 aliquando

269 2711 349 2776 plnres
360 2711 432 2761 simul
443 2711 590 2775 apocrisiarii
607 2710 670 2761 sedis
687 2712 832 2777 apostolicae,
852 2719 878 2763 et
894 2713 928 2762 illi
947 2713 1010 2778 apud
1025 2720 1117 2764 exteros
1132 2713 1252 2777 principes
1267 2727 1337 2761 com-

267 2792 439 2855 morabantur;
465 2805 525 2857 qnos
547 2792 599 2842 ideo
626 2792 747 2857 aequiparo
778 2792 856 2842 solent
877 2794 957 2843 verius
980 2793 1009 2842 iis
1029 2793 1115 2854 legatis
1139 2792 1269 2857 pontificiis
1293 2791 1337 2857 qui

268 2872 382 2922 hodierno
398 2872 437 2922 die
449 2879 563 2922 vocantur
576 2873 662 2924 nundi
673 2873 795 2937 (conces).
808 2874 840 2922 V.
854 2875 878 2924 l.
893 2875 953 2938 llop,
967 2889 1007 2938 op.
1020 2875 1073 2938 cit,
1084 2887 1109 2937 p.
1121 2876 1177 2924 255.

299 2955 324 3002 2.
342 2953 465 3014 Arsenius,
486 2953 525 3010 cui
544 2960 615 3003 antea
634 2952 712 3002 solum
732 2966 819 3002 nomen
838 2953 940 3003 dabatur
966 2953 1070 3018 episcopi
1085 2955 1197 3003 Hortense
1219 2949 1336 3013 civitatis,

268 3045 283 3078 a
304 3031 400 3081 Nicoleo
417 3045 479 3097 pepe
496 3034 547 3096 jam
568 3038 703 3082 constanter
718 3031 853 3098 appellatur
870 3033 1040 3097 apocrisiarius
1059 3039 1083 3083 et
1103 3031 1253 3083 consiliarius
1271 3031 1338 3081 sedis

268 3110 410 3173 apostolice.
431 3112 464 3166 V.
479 3112 571 3162 Nicolai
594 3115 605 3162 l
625 3112 739 3178 epistolas
760 3112 866 3178 aliosque
883 3113 987 3179 equales
1007 3119 1126 3177 auctores,
1144 3127 1203 3178 quos
1221 3111 1247 3160 in
1270 3111 1337 3161 notis

268 3189 398 3254 sepissime
414 3191 541 3256 appellari.

300 3273 325 3320 3.
342 3273 374 3322 V.
389 3285 469 3335 supra,
480 3287 504 3336 p.
520 3273 558 3322 tt.

299 3351 324 3402 l.
341 3353 377 3402 Ea
387 3351 493 3416 prolecto
505 3351 655 3403 excusatione
671 3353 798 3403 arsenium
815 3368 841 3404 se
852 3353 917 3418 apud
932 3353 1068 3417 pontificem
1087 3352 1229 3414 defendisse,
1244 3367 1273 3402 ex
1288 3351 1336 3402 hoc

267 3432 355 3493 colligo
367 3433 440 3498 qnod,
454 3438 508 3496 post
520 3431 612 3497 aliquot
624 3447 707 3496 annos,
720 3449 802 3484 rursus
816 3435 840 3483 in
858 3433 949 3484 Gallias
968 3434 1066 3484 veniens
1084 3434 1105 3483 is
1118 3431 1293 3497 apocrisiarius,
1308 3437 1337 3482 ut

267 3513 293 3563 in
316 3512 491 3562 llincmarianis
509 3507 642 3562 Annalibus
662 3513 777 3578 scriptum
797 3519 843 3577 est,
868 3512 1025 3578 «epistolam
1045 3513 1137 3564 Nicolai
1157 3526 1223 3578 pape
1237 3510 1336 3576 plenam

266 3592 412 3642 terribilibus
433 3598 458 3641 et
479 3607 494 3640 a
516 3590 634 3641 modestia
652 3592 716 3642 sedis
735 3594 870 3657 apostolice
896 3599 968 3642 antea
989 3592 1101 3642 inauditis
1126 3591 1335 3643 maledictionibus

268 3672 364 3735 detulit,
376 3686 452 3738 super
467 3686 508 3721 eos
522 3673 569 3737 qui
581 3675 641 3722 ante
652 3671 699 3722 hoa
707 3687 790 3723 conos
805 3673 886 3724 cidem
899 3673 1005 3724 arsenio
1017 3673 1127 3724 moltam
1140 3672 1254 3724 thesaura¹
1262 3687 1334 3722 sum-

268 3769 337 3804 mam
349 3751 494 3818 predantes
504 3750 678 3814 abstulerant,
694 3753 740 3801 nisi
758 3753 924 3803 satisfaciendo
941 3767 995 3817 que
1012 3752 1144 3804 tulerantei
1161 3751 1260 3802 reddere
1277 3765 1334 3815 pm-

267 3835 431 3885 curaverint».
445 3832 566 3883 llincmarl
579 3830 700 3894 Anactes,
712 3847 735 3881 a.
747 3835 792 3884 865
809 3834 898 3897 (Perta,
913 3834 934 3897 l,
949 3834 1015 3898 469).
1030 3835 1136 3883 Primam
1156 3832 1223 3882 illam
1238 3830 1335 3884 Arsenii

267 3911 411 3974 legationem
425 3913 546 3980 plerisque
557 3910 678 3961 historicis
692 3926 739 3960 non
752 3918 833 3962 notam
849 3927 903 3964 esse
917 3913 1000 3978 lateor,
1017 3920 1051 3976 at,
1064 3919 1151 3978 praeter
1166 3913 1240 3964 rerba
1257 3913 1335 3962 Hinc-

268 3993 329 4041 mari
349 4009 404 4058 que
422 4000 478 4043 sunt
502 3993 532 4043 de
553 4007 582 4042 es
603 4007 627 4041 re
650 3997 716 4041 certo
736 4000 888 4053 argumento.
909 3993 933 4043 in
953 3993 1064 4043 eamdem
1077 3993 1150 4044 etiam
1171 3993 1261 4044 cadum
1279 4007 1335 4056 quas

269 4072 381 4122 Nimbus
396 4075 491 4138 scripsit
506 4089 530 4124 a.
546 4075 601 4138 illio,
616 4073 698 4123 dicens
712 4087 719 4122 :
734 4073 829 4122 llrsenii
843 4074 997 4138 apocrisiarii,
1013 4089 1087 4138 quem
1101 4081 1156 4125 tum
1175 4073 1286 4124 mittebat
1303 4072 1335 4122 ed

268 4150 348 4200 Gallos
366 4154 498 4218 episcopos,
521 4155 556 4205 eis
575 4153 686 4204 omnibus
708 4167 755 4202 non
775 4167 827 4202 esse
845 4153 992 4216 incognitam
1006 4168 1142 4219 personam.
1162 4154 1270 4217 «Porro,
1288 4153 1334 4218 ait,

267 4229 351 4280 scitote
370 4245 412 4280 nos
428 4239 476 4282 tam
490 4235 521 4285 ad
534 4234 664 4297 gloriosum
680 4247 762 4295 regem
778 4239 894 4293 vestrum,
909 4235 1023 4298 quemad
1039 4233 1241 4298 testimenium,
1259 4248 1335 4283 reuc-

270 4309 369 4361 rsbilem
381 4311 467 4375 virum,
480 4315 619 4366 llorteneern
633 4315 782 4380 episcopum,
794 4315 892 4378 qu'us...
906 4319 932 4364 et
945 4314 1011 4364 robis
1023 4328 1120 4378 quoqne
1132 4311 1281 4377 personaret
1295 4319 1335 4364 est
