3000 5056
251 447 297 499 100
336 444 539 498 insanisti
562 443 752 496 lNGENlUM
774 444 821 496 iix
841 443 1041 495 epistolas
1062 441 1223 494 nicotii
1243 443 1255 492 1

296 588 439 659 Tantum
453 586 543 657 enim
564 585 677 656 aberat
690 593 728 654 ut
744 584 832 672 quod
850 585 921 655 ude
936 587 1022 654 selvo
1038 585 1116 674 jure
1138 585 1223 654 sedis
1241 606 1321 674 apo·

254 705 372 776 stoliaco
386 727 403 769 a
419 703 454 770 in
468 701 637 790 privilegio
650 700 863 773 Benedictino
887 701 1145 789 memorabatur,
1165 701 1199 769 id
1216 700 1324 770 Hinc·

255 839 366 890 marus
393 818 497 888 celare
519 819 649 906 soleret,
671 818 741 906 ipse
759 838 879 905 nuper,
899 818 934 886 in
950 817 1074 906 synodo
1089 816 1323 886 Suessionibus

254 933 376 1023 habita,
402 949 524 1003 ceteros
549 931 714 1021 episcopos
738 954 797 1002 sue
820 941 934 1021 sponte
957 941 1130 1001 monuerat
1154 941 1188 1000 et
1212 927 1323 998 Rene-

255 1051 379 1120 dictum
387 1047 436 1118 111
450 1058 482 1118 et
491 1047 520 1118 N
522 1047 686 1119 icolauml
696 1048 759 1118 sibi
769 1048 805 1116 in
815 1049 885 1118 suis
894 1049 1071 1138 privilegiis
1076 1047 1154 1137 jura
1163 1046 1323 1116 Romane

256 1166 343 1236 sedis
352 1165 564 1236 reservasse¹.

302 1282 416 1367 Ouidi
429 1283 468 1354 ln
492 1283 605 1352 eedem
633 1282 770 1372 syuodo,
799 1282 997 1352 fliucmarus
1028 1285 1097 1352 hacc
1122 1282 1195 1369 ipsa
1221 1280 1325 1368 privi-

257 1400 342 1489 legia
352 1407 384 1470 et
398 1398 597 1486 authentica,
609 1407 642 1467 et
651 1398 792 1486 integra,
801 1407 834 1469 et
841 1399 1004 1468 inviolatis
1021 1398 1136 1486 sigillis
1150 1397 1324 1485 impressa,

258 1518 294 1586 in
317 1523 490 1604 conspectu
512 1515 663 1584 omnium
688 1523 853 1603 posuerat,
869 1514 915 1584 sic
938 1514 1104 1604 episcopos
1128 1516 1325 1606 alloquens:

263 1654 280 1700 u
295 1632 357 1701 Hic
369 1632 502 1721 potestis
511 1640 706 1719 retexere,et
719 1631 825 1718 sigilla
836 1651 951 1700 eorum
960 1631 1059 1720 salve,
1071 1651 1108 1699 ac
1119 1630 1328 1720 incorruptas

258 1747 435 1838 scripturas
449 1757 546 1836 etque
559 1745 814 1834 subscriptiones
825 1747 938 1816 valetis
951 1746 1112 1835 inspicere
1121 1744 1145 1816 ².
1163 1771 1181 1813 o

305 1863 433 1946 Quibus
443 1863 479 1932 in
489 1863 609 1932 chartis
618 1862 821 1932 mentionem
832 1862 874 1932 de
883 1862 1086 1932 reservandis
1099 1862 1184 1932 sedis
1198 1873 1330 1952 aposto-

259 1980 329 2050 licea
334 1977 468 2069 juribus
483 2000 549 2047 non
567 1978 706 2048 deletam
721 1979 761 2047 ab
779 1978 960 2049 Hincmaro
978 1977 1092 2067 inisse,
1108 1978 1171 2067 ipsi
1186 1979 1332 2068 episcopi

260 2094 360 2186 hujus
387 2095 502 2185 synodi
527 2092 741 2165 Suessionicae
758 2094 932 2184 participes
954 2093 1125 2163 Nicolaum
1141 2093 1157 2162 l
1175 2095 1334 2183 synodica

262 2211 541 2301 epistolaRomam
557 2231 615 2300 per
627 2211 801 2300 Egilonem
812 2211 878 2280 lata
891 2209 1104 2280 disertissime
1114 2211 1294 2280 docuerant
1304 2207 1331 2279 ⁸.

261 2327 389 2417 Itaque,
409 2327 547 2416 acceptis
561 2326 680 2396 deinde
692 2326 756 2396 illis
770 2326 893 2396 Nicolai
910 2326 1027 2396 litteris
1040 2326 1161 2414 quibus
1173 2325 1337 2394 Hincma·

294 2559 318 2608 i.
336 2555 432 2606 Etenim
446 2554 479 2628 de
494 2555 589 2607 duobus
606 2555 653 2607 illis
671 2556 803 2622 privilegiis
813 2557 858 2611 lita
879 2557 1024 2608 Hincmarus
1037 2556 1130 2607 locutus
1145 2563 1198 2607 erat
1211 2557 1235 2608 in
1252 2558 1337 2623 primo

264 2636 367 2700 Libello,
381 2651 454 2702 quem
470 2637 560 2702 synodo
571 2637 729 2690 suessionica
742 2637 841 2688 tradidit
855 2653 862 2688 :
876 2654 888 2686 ι
904 2638 963 2698 Que
975 2637 1056 2688 domni
1071 2637 1194 2703 apostolici
1205 2638 1338 2690 Benedicti

262 2716 388 2784 privilegio
410 2717 454 2767 sub
475 2717 634 2768 anathematis
655 2717 849 2783 interpositione,
871 2724 899 2767 ut
918 2718 973 2768 inde
992 2717 1092 2784 questio
1110 2717 1182 2768 nullis
1204 2718 1339 2783 aliquando

265 2797 411 2864 temporibus
423 2798 520 2862 oriatur,
535 2804 592 2849 suut
605 2798 760 2848 confirmata:
775 2804 800 2848 et
813 2797 910 2848 demum
922 2798 1003 2849 domni
1015 2797 1107 2849 Nicolai
1120 2812 1188 2863 pape
1203 2798 1338 2848 conflrma-

264 2878 339 2944 tione,
361 2879 428 2930 sicut
445 2881 540 2930 cancta
554 2879 739 2930 recordationis
758 2878 911 2929 Benedictus
925 2880 1057 2944 pontisee,
1076 2878 1244 2943 confirmauit,
1261 2878 1339 2929 anlon

265 2960 386 3011 Bomunoe
397 2960 465 3010 aedis
481 2960 509 3010 in
521 2959 638 3011 omnibns
642 2959 723 3024 jussu
731 2962 756 3010 et
760 2959 861 3025 judicic
871 2975 895 3020 a,
910 2965 956 3009 etc.
967 2959 1100 3010 Scleduloe
1108 2973 1153 3010 seu
1164 2958 1245 3009 libelli
1255 2965 1339 3024 quat-

267 3043 325 3092 tuor
335 3039 433 3103 synodo
448 3054 496 3105 per
512 3040 578 3090 vices
592 3038 674 3090 oblati
687 3037 719 3089 ab
733 3039 871 3090 ilincmaro
885 3040 1002 3090 llemensi
1017 3039 1114 3105 (Coleti,
1133 3045 1154 3090 t.
1170 3039 1203 3104 X,
1219 3055 1244 3104 p.
1265 3041 1337 3105 3⁰⁰).

297 3122 322 3171 2.
339 3118 462 3170 llincmari
477 3118 588 3170 libellam
598 3120 696 3184 primus
711 3119 807 3184 (coleti,
821 3118 893 3181 ibid,
907 3134 932 3184 p.
945 3120 1012 3184 301).

298 3200 323 3249 3.
343 3198 373 3248 V.
388 3197 532 3264 Bpiatolem
541 3200 691 3264 synodicam
703 3199 804 3250 condlii
816 3199 966 3250 suessionici
979 3199 1074 3264 (coleti,
1085 3206 1105 3250 t.
1116 3202 1149 3262 X,
1160 3216 1185 3265 p.
1195 3201 1260 3262 317).
1273 3200 1339 3258 Quas

266 3277 403 3330 testificatio
417 3284 468 3328 tam
479 3277 544 3328 clara
560 3284 619 3343 erat,
635 3285 662 3328 ut
676 3295 704 3329 ea
718 3294 761 3345 pro
778 3286 920 3342 argumento
934 3295 990 3330 usus
1008 3282 1040 3330 sit
1056 3281 1208 3331 Hiucmarns.
1227 3281 1251 3330 la
1268 3278 1341 3330 enim

267 3359 302 3410 sic
314 3358 436 3424 rescripsit
450 3357 480 3407 ad
494 3358 634 3409 Nicolaum:
647 3376 661 3408 ιι
676 3360 723 3410 Sed
740 3365 765 3410 et
779 3359 846 3409 illum
855 3359 933 3424 ipsum
947 3360 1067 3424 privilegii
1078 3361 1221 3426 (Benedicti)
1232 3365 1342 3419 manum,

267 3447 293 3493 et
306 3453 355 3491 non
368 3438 498 3504 exemplar,
519 3438 608 3504 synodo
627 3445 707 3490 vestra
722 3441 864 3490 auctoritate
877 3446 1028 3502 congregata
1040 3455 1096 3490 cuna
1110 3439 1237 3505 priuilegio
1248 3445 1341 3490 vestras

266 3520 401 3572 sanctitatis
417 3517 520 3583 ostendi,
526 3525 551 3569 et
565 3519 714 3585 incorruptas
724 3521 853 3585 scripturas
866 3525 940 3584 atque
953 3520 1033 3583 sigilla
1040 3521 1181 3583 monstrari,
1193 3525 1218 3570 et
1229 3535 1257 3569 er
1271 3518 1341 3568 inte-

268 3616 322 3666 gro,
340 3614 421 3651 coram
439 3597 487 3649 illio
506 3604 586 3650 restro
599 3599 686 3650 domno
700 3615 757 3662 rege
770 3599 864 3662 carolo,
878 3599 1030 3651 audientibus
1044 3601 1157 3652 omnibus
1175 3599 1291 3665 episcopis
1310 3605 1343 3650 et

268 3682 310 3748 qui
320 3680 410 3747 synodo
424 3679 594 3744 interfuerunt,
608 3679 680 3742 relegi
698 3680 754 3731 leci.
769 3681 839 3733 Unde
853 3681 878 3730 in
893 3679 994 3746 epistole
1005 3681 1088 3747 synodi
1101 3688 1187 3732 aesna
1200 3679 1340 3730 auctoritati

269 3761 359 3812 directa
370 3761 486 3827 scriptum
501 3760 562 3811 iuter
575 3765 660 3810 cetere
670 3760 772 3810 habetur
783 3761 813 3811 ad
829 3759 909 3811 locum
920 3776 928 3812 ι
940 3778 954 3809 ιι
964 3762 992 3812 lu
1008 3761 1057 3811 suis
1074 3761 1197 3811 ordinibus
1211 3760 1344 3810 restituere

272 3847 484 3906 «maturaremus,
499 3839 559 3906 quin
579 3837 704 3904 predictos
721 3839 818 3905 iratres,
836 3841 882 3890 nisi
900 3841 1033 3906 privilegiis
1049 3848 1136 3892 sancte
1149 3843 1261 3892 Romana
1274 3838 1344 3889 sedis

271 3935 342 3987 «per
360 3921 516 3973 reverendum
542 3919 685 3970 confratrem
709 3925 818 3970 uestrum
843 3921 1002 3972 llincmarum
1025 3922 1229 3987 archiepiscopum
1251 3923 1344 3970 nostras

270 4017 284 4048 u
298 4002 450 4053 unanimitati
462 4000 571 4067 prolatis,
582 4015 636 4067 que
648 3999 745 4065 deipsis
756 3999 814 4050 airis
827 4001 936 4065 quadam
950 4008 1092 4065 statuerunt,
1107 4000 1188 4051 debita
1204 3998 1345 4050 reuerentia

271 4094 284 4125 a
299 4079 451 4131 exhiberetur
455 4096 464 4145 ;
475 4095 578 4147 quorum
587 4094 689 4140 summa,
702 4077 816 4143 perlecta,
827 4085 852 4129 et
862 4080 956 4143 integra
967 4081 1077 4146 firmitas,
1089 4087 1118 4130 ut
1127 4079 1201 4130 claret
1209 4085 1235 4129 et
1244 4078 1345 4140 justum

270 4162 344 4220 nest,
364 4159 388 4208 in
402 4161 536 4224 apostolica
554 4160 616 4212 sedis
640 4165 760 4211 reservata
780 4165 817 4208 est
839 4159 939 4210 arbitrio
959 4162 1124 4225 potestatis.»
1150 4158 1219 4221 Quod
1237 4157 1349 4222 nundus

269 4235 339 4286 robis
358 4251 403 4288 noa
425 4241 549 4302 scriberet,
572 4243 591 4292 si
613 4243 708 4303 integra
730 4237 856 4304 privilegia
875 4240 909 4290 eia
930 4255 978 4292 nou
997 4241 1162 4292 ostendissem.
1181 4257 1196 4288 o
1214 4239 1343 4292 liincmari

269 4315 352 4382 Epist.
367 4317 404 4366 ad
417 4318 551 4371 Nicolaum
564 4321 579 4371 1
592 4321 693 4387 (Minna,
708 4326 727 4372 t.
744 4319 855 4384 CXXVI,
869 4335 895 4386 p.
908 4321 959 4386 88).
972 4322 1011 4372 Cf.
1025 4337 1082 4386 pag.
1096 4337 1149 4388 seq.
1161 4335 1186 4374 n.
1196 4321 1220 4372 2.
