3006 5050
253 466 301 517 DE
321 464 490 518 Nleouao
510 466 605 517 ΡΔΡΔ
627 465 638 516 1
659 465 826 525 utuseun
847 464 1126 517 reulurtutatts
1194 468 1224 518 89

160 629 238 678 cum
261 608 416 677 scriberet
429 609 470 676 ed
487 607 647 690 Adonem,
672 607 897 676 Viennensem
918 607 1120 697 episcopum,
1143 627 1225 677 eon·

160 725 264 792 fessus
294 724 428 812 quidem
455 733 503 792 est
530 724 711 792 Arsenium
739 723 914 810 aliquando
937 745 955 790 a
978 731 1065 790 recta
1091 723 1224 809 regione

161 841 327 910 deflexisse
353 851 525 927 partesque
549 841 692 909 tenuisse
716 840 897 908 Hludowici
923 840 1141 927 imperatoris,
1167 839 1225 908 sed

161 957 260 1025 fuisse
274 957 345 1043 ejus
365 955 554 1024 defectionis
573 976 717 1042 causam,
734 955 819 1042 quod
840 956 944 1024 multa
960 955 995 1022 in
1010 975 1087 1023 eum
1109 954 1225 1022 infeste

161 1071 288 1140 fecisset
305 1070 487 1140 Nioolaus¹.
505 1071 577 1138 Non
592 1071 660 1139 veri
676 1072 782 1138 simile
796 1081 844 1139 est
858 1080 1031 1158 quantum,
1048 1071 1083 1137 in
1099 1073 1223 1158 haere,

160 1187 304 1275 parentis
334 1186 458 1272 studio,
487 1186 681 1255 Anastasius
708 1207 782 1254 vera
808 1207 884 1254 cum
911 1185 1000 1254 falsis
1027 1185 1222 1254 confuderit.

161 1301 342 1370 arsenium
365 1303 455 1371 enim
476 1301 516 1370 ad
540 1302 783 1389 imperatorem,
808 1310 940 1388 propter
966 1299 1134 1369 infensum
1161 1300 1224 1370 sibi

161 1418 345 1504 Nicolaum,
357 1417 529 1506 aliquando
539 1415 796 1501 defecisse,falso
808 1414 1038 1504 itadicitur,ut
1047 1426 1122 1485 aute
1131 1417 1224 1484 illum

161 1554 293 1622 papam,
308 1532 587 1620 quemadmodum
601 1553 700 1618 supra
715 1532 873 1620 scriptum
888 1540 937 1600 est
949 1529 974 1620 ²,
1000 1532 1029 1600 is
1054 1531 1225 1600 Hortensis

161 1649 344 1737 episcopus,
362 1648 542 1717 Hludcwici
561 1649 711 1735 princeps
731 1645 879 1715 factionis
898 1647 934 1714 in
953 1645 1071 1715 urbem
1086 1646 1226 1716 Romam

161 1763 344 1849 invasisset,
360 1773 397 1830 ut
411 1763 453 1832 ab
468 1764 539 1850 ipso
552 1763 699 1850 Nioolao,
721 1782 824 1830 annos
838 1761 903 1829 fere
918 1782 1047 1848 novem,
1062 1763 1226 1849 amplissi-

161 1899 234 1946 mas
246 1878 387 1945 tenuerit
402 1877 589 1964 dignitateS,
606 1887 643 1945 ut
657 1876 807 1966 ejusdem
822 1897 911 1964 papa
923 1877 1136 1944 offensionem
1150 1878 1227 1945 nul-

160 1995 227 2061 lam
256 1992 411 2079 subierit,
444 1993 506 2061 nisi
535 2002 679 2061 extremo
706 1993 793 2060 illius
819 1992 1025 2078 pontificatu,
1053 2003 1226 2079 postquam

162 2128 282 2196 nempe
299 2108 459 2188 Arsenius
477 2117 524 2175 tot
541 2128 578 2176 ao
596 2108 671 2176 talia
690 2106 830 2193 fecisset,
847 2105 1002 2195 quaejam
1017 2126 1077 2174 nec
1096 2107 1225 2174 tolerari

161 2233 295 2313 possent
310 2243 415 2311 neque
430 2223 539 2292 celari.

207 2339 299 2427 Erat,
314 2338 516 2426 temporibus
531 2338 607 2424 illis,
624 2337 710 2406 inter
722 2337 887 2407 Romanos
902 2337 1126 2424 magistratus,
1139 2357 1227 2404 unus

162 2454 389 2542 apocrisiarius
404 2453 489 2522 sedis
504 2452 696 2540 apostolicae,
717 2451 811 2540 cnjus
826 2462 919 2520 erant
930 2461 1038 2540 partes
1053 2472 1226 2540 personam

161 2589 275 2658 gerere
299 2568 419 2636 summi
444 2567 606 2655 pontificis
631 2587 792 2654 agereque
824 2567 911 2634 illius
937 2568 1127 2635 auctoritate
1150 2588 1227 2635 cum

162 2683 358 2770 imperatore
375 2703 411 2750 ae
425 2683 559 2770 regibus
569 2680 593 2750 ³.
620 2683 673 2752 Ad
692 2684 753 2750 hoc
766 2703 889 2750 munus
905 2681 1108 2769 obeundum,
1130 2681 1159 2749 is
1174 2682 1229 2749 in-

162 2798 293 2866 terdum
310 2817 444 2885 peregre
458 2796 758 2885 proficiscebatur⁴,
774 2798 830 2866 sed
847 2797 946 2865 rebus
964 2797 1010 2864 ibi
1029 2789 1230 2882 compositis,

162 2913 303 2981 Romam
321 2913 461 3002 redibat,
485 2913 520 2981 in
545 2934 609 3001 qua
632 2913 724 3001 urbe,
750 2934 826 2980 oum
849 2913 991 2980 maxime
1015 2911 1122 2979 seculo
1143 2932 1228 2980 nono

162 3029 285 3098 summi
299 3029 468 3116 pontifices
483 3028 518 3096 in
532 3049 567 3098 re
581 3029 709 3116 publica
725 3029 864 3097 aliarum
875 3028 1046 3094 nationum
1061 3046 1145 3116 saepe
1159 3047 1230 3096 ver·

194 3221 218 3268 f.
236 3232 286 3267 c...
302 3216 405 3275 ersonii.
418 3216 528 3280 quamvis
542 3215 615 3278 idem,
628 3230 657 3264 eo
667 3214 731 3279 quod
744 3213 883 3263 inimicitias
896 3212 984 3263 multas
1000 3213 1109 3264 obeuntis
1123 3212 1231 3279 presulis

162 3296 298 3361 pertulerit,
318 3311 346 3345 ac
364 3311 407 3360 per
428 3296 473 3345 hoc
495 3295 631 3359 imperatori
652 3295 740 3357 faveat,
764 3293 874 3343 astudio
895 3293 1062 3343 ecclesiastica
1076 3294 1230 3343 correctionis

161 3375 285 3440 paululum
305 3375 489 3437 refriguisset.»
509 3375 630 3425 Anastasii
651 3373 768 3439 Epistola
788 3373 825 3422 od
837 3373 953 3424 Adonem
968 3374 1070 3436 (Migne,
1086 3379 1105 3423 t.
1119 3374 1229 3435 CXXIX,

161 3471 188 3520 p.
217 3456 281 3520 lla).
313 3458 381 3506 Hanc
412 3463 493 3506 autem
517 3455 641 3520 epistolam
668 3454 750 3518 paucis
773 3453 858 3504 dicbus
885 3459 938 3519 poet
959 3454 1087 3504 Nicolaum
1108 3460 1231 3504 mortuum

161 3536 277 3600 scriptam
292 3551 344 3587 eece
354 3540 455 3586 constat.
468 3537 500 3589 V.
514 3549 596 3600 cupra,
610 3550 636 3598 p.
652 3537 732 3586 1³·ll.

194 3619 219 3746 ξ.
235 3617 273 3745 ge
282 3618 443 3759 gpoffiissffliis
456 3694 572 3745 Romanis
585 3691 743 3743 consulendus
758 3698 796 3742 est
806 3693 830 3743 J.
846 3693 898 3758 Iloy
913 3693 963 3758 (Du
977 3692 1031 3742 refe
1046 3692 1090 3741 des
1104 3690 1184 3755 legale
1198 3689 1230 3738 de

162 3776 189 3826 lo
204 3790 265 3825 cous·
284 3776 315 3826 de
338 3777 414 3825 liome
431 3789 461 3824 en
477 3776 562 3825 Orioni
588 3778 614 3824 et
637 3788 669 3823 en
694 3773 816 3824 Occiderat
838 3773 1031 3823 dc1v⁰ourx⁴¹
1048 3769 1140 3832 siecle),
1162 3770 1231 3831 cnjus

161 3856 293 3920 disputatio
315 3855 450 3904 continetur
468 3855 590 3903 volumina
604 3854 694 3903 XXXV
711 3853 909 3904 collectaneorum
932 3852 1099 3916 inscriptorum
1113 3864 1120 3898 a
1134 3848 1229 3899 Biblio-

161 3935 252 4000 raeque
264 3936 296 3985 de
305 3923 400 3985 llfeole
409 3935 453 3985 dcc
468 3934 556 3984 fraules
567 3935 663 3984 eludes.

193 4020 218 4065 l.
237 4015 326 4064 Preter
338 4015 477 4078 Arseuium,
493 4029 565 4078 quern
581 4029 622 4062 nos
635 4013 695 4061 infra
704 4013 728 4062 in
743 4012 832 4062 Gallias
842 4009 1044 4072 Germaniamque
1058 4007 1165 4069 legatum
1178 4024 1232 4061 esse

160 4094 321 4157 narrabimus,
337 4093 473 4144 invenimus
486 4095 560 4144 etiam
575 4094 599 4141 in
614 4091 744 4142 Annalibus
763 4090 947 4151 llinomarianis,
959 4089 1069 4138 iohanne
1083 4103 1143 4152 papa
1162 4090 1230 4152 Vlll,

161 4176 265 4226 missum
285 4173 360 4224 fuisse
381 4174 411 4223 ad
434 4173 545 4224 Carolum
567 4173 670 4224 Calvum
689 4175 804 4232 Leonem,
826 4171 986 4221 Garinensem
1001 4167 1069 4218 illum
1083 4170 1231 4234 episcopum,

161 4255 204 4321 qui
216 4260 281 4305 recte
292 4253 323 4304 ab
335 4255 465 4305 Hincmaro
476 4253 610 4319 appellatur
619 4253 804 4318 «apocrisiarius
817 4266 845 4301 ac
857 4263 931 4315 nepos
939 4247 1063 4315 apostolici
1073 4265 1098 4302 o.
1109 4249 1233 4302 lliuomari

162 4334 285 4400 Annales,
296 4349 321 4386 a·
335 4337 382 4387 tte
396 4335 488 4399 (Perta,
499 4335 519 4398 l,
531 4334 598 4398 500).
