3006 5050
280 480 324 529 146
366 478 568 530 anasrnsn
591 479 781 530 lNGENlUM
802 479 849 530 EX
872 478 1072 530 uulsrouts
1093 480 1247 531 ulcuunr
1269 482 1279 530 l

277 641 354 690 cum
373 621 524 690 Nicolaus
547 621 733 709 audivisset,
755 643 856 711 reque
881 622 939 690 diu
963 641 1138 711 perpensa,
1153 622 1344 692 absolutum

273 735 461 825 judiciuin
491 736 628 805 amissos
657 740 797 806 honores
826 736 1012 826 restituit¹3
1037 738 1173 826 deiude,
1203 740 1343 808 ineunte

276 853 405 920 circiter
418 871 504 919 anno
518 853 597 940 866,
611 852 652 920 ad
667 849 774 921 Gallos
793 853 941 941 epistolas
963 855 1145 940 complures
1163 853 1341 922 mittendas

275 964 435 1054 curavit²,
470 966 591 1055 quibus
628 987 762 1036 rursum
792 967 985 1036 Anastasius
1013 967 1054 1034 ab
1082 967 1272 1055 Hincmaro,
1300 969 1340 1036 iu

275 1104 372 1152 causa
397 1083 612 1170 llothadiana,
643 1084 774 1151 violatas
807 1102 877 1151 esse
906 1082 1057 1170 antiquas
1078 1085 1166 1172 leges
1187 1084 1341 1154 demons-

275 1210 361 1268 trare
373 1221 545 1288 aggressus
559 1209 640 1286 erat,
656 1207 689 1266 at
710 1199 801 1268 novis
816 1199 952 1267 omnino
970 1199 1097 1267 artibus
1118 1202 1339 1289 inusitataque

273 1315 524 1402 argumentandi
539 1314 677 1382 ratione.
701 1313 749 1382 Ex
772 1335 837 1403 quo
851 1315 938 1382 uiris
961 1314 1063 1384 doctis
1078 1315 1275 1404 jamdudum
1300 1319 1337 1385 in

272 1431 461 1518 opinionem
478 1430 565 1497 venit
578 1427 945 1498 Pseudo-Isidorianum
968 1430 1091 1498 librum
1107 1431 1248 1500 Romam
1264 1433 1339 1520 pri·

273 1568 367 1615 mum
387 1545 569 1614 aRothado
590 1544 739 1634 episcopo
753 1547 887 1613 allatum
899 1544 1033 1616 luisse³.
1057 1546 1121 1616 Sed
1144 1568 1188 1617 uc
1208 1569 1272 1634 qua
1295 1548 1338 1616 sit

273 1663 377 1730 adhuc
393 1661 428 1729 in
442 1662 502 1728 hac
515 1681 552 1729 re
565 1659 737 1748 dubitatio,
761 1659 829 1748 jam
851 1660 1019 1730 videamus
1049 1673 1086 1730 ut
1100 1683 1184 1752 saepe
1197 1664 1337 1732 Anasta·

272 1777 342 1846 sius
372 1777 408 1844 in
431 1777 554 1845 litteras
575 1775 652 1844 iude
669 1775 863 1863 compositas
875 1795 912 1845 er
926 1775 1073 1846 fontibus
1086 1777 1337 1846 Pseudo-Isido-

271 1891 373 1960 rionis
398 1891 554 1980 hauserit,
584 1900 622 1959 ut
647 1890 761 1960 crebra
782 1910 885 1958 manu
906 1890 1003 1960 falsas
1020 1891 1195 1963 decretales
1221 1894 1335 1963 decer·

271 2005 384 2096 pserit.
634 1991 637 1998 ¹

316 2121 460 2212 Etenim,
491 2125 531 2192 ab
567 2131 705 2192 exeunte
737 2143 824 2190 auno
862 2123 941 2211 864,
982 2123 1190 2212 Anastasius
1226 2125 1336 2194 missis

271 2241 425 2308 omnihus
444 2238 650 2325 ambagibus,
674 2259 731 2325 pro
759 2248 953 2326 argumento
978 2238 1146 2326 potissimo
1164 2241 1225 2308 hoc
1243 2261 1336 2309 com·

271 2364 422 2422 mentum
448 2351 812 2421 Pseudolsidorianum
846 2362 957 2440 aperte
984 2353 1129 2442 adhibet,
1153 2355 1273 2424 scilicet
1298 2377 1336 2424 er

268 2472 340 2556 lege
378 2467 512 2556 antiqua
544 2467 774 2555 veteribusque
810 2467 947 2537 decretis
992 2489 1106 2538 causas
1139 2471 1336 2558 episcopales

270 2585 493 2653 innumerum
506 2581 670 2672 majorum
682 2583 902 2670 negotiorum,
916 2584 956 2651 ad
969 2584 1075 2652 solum
1084 2585 1206 2673 quippe
1217 2586 1338 2655 lloma·

270 2719 350 2767 num
363 2699 550 2788 pontificem
566 2697 815 2786 pertinentium,
833 2718 947 2767 omnes
962 2719 1031 2768 esse
1050 2701 1219 2788 repositas,
1237 2711 1335 2789 atque

268 2815 343 2885 ideo
353 2815 547 2904 praesulibus
562 2813 673 2882 Galliae
687 2832 729 2882 ne
743 2813 874 2883 licuisse
887 2814 1021 2902 quidem
1035 2815 1076 2884 de
1088 2837 1185 2885 causa
1194 2815 1334 2886 Rothadi

271 2931 411 3021 episcopi
427 2930 607 3000 deliberare
617 2927 641 2997 ⁴.

301 3209 324 3254 l.
342 3203 374 3255 V.
388 3203 457 3266 saue,
471 3205 585 3270 lioperto,
599 3219 624 3269 p.
640 3207 695 3268 355,
709 3205 764 3254 358.

300 3289 324 3336 2.
342 3285 412 3349 dalle,
428 3299 452 3334 u.
466 3286 539 3348 2783,
550 3287 622 3348 2784,
640 3287 711 3343 2785,
722 3284 794 3334 2786.

299 3368 323 3416 3.
341 3367 408 3415 llauc
422 3365 566 3430 opinionem,
581 3367 650 3428 cnjus
662 3368 744 3414 auctor
755 3362 847 3427 primus
859 3361 904 3412 luit
917 3363 1182 3431 Spittler(Gerclricnte
1196 3367 1243 3418 dec
1256 3366 1334 3418 luteo-

268 3447 370 3498 m'cclren
385 3443 482 3508 Rechts,
500 3443 580 3507 Helle,
598 3447 667 3508 1778,
682 3458 707 3507 p.
723 3445 780 3504 256,
792 3443 889 3507 num),
907 3443 928 3492 si
944 3459 991 3494 non
1006 3445 1103 3496 omniuo
1116 3453 1218 3511 certam,
1233 3454 1334 3498 atcerte

269 3526 417 3592 prohabilem
436 3526 526 3576 habent
540 3527 637 3576 Glrorer
652 3522 807 3588 (Gesclu'cltc
820 3523 867 3572 der
880 3523 1046 3590 Karolinper,
1061 3533 1080 3576 t.
1095 3529 1117 3590 l,
1130 3541 1154 3592 p.
1168 3531 1236 3592 183),
1246 3530 1275 3579 C.
1288 3543 1334 3577 von

268 3608 379 3658 Noorden
401 3605 549 3672 (uincere,
567 3621 591 3670 p.
611 3603 682 3667 281),
699 3601 853 3654 Wcizsuclrer
875 3603 976 3668 (Sybel,
996 3606 1152 3657 nistoriscne
1176 3608 1332 3672 Zeilsclrn'sl,

269 3691 314 3753 lll,
328 3689 379 3754 81),
393 3686 520 3738 Dimmler
536 3685 635 3751 (uesci.
659 3684 686 3733 d.
701 3683 777 3747 oetsr.
793 3681 889 3743 neela,
907 3689 926 3734 t
942 3687 962 3746 l,
978 3700 1002 3748 p.
1017 3689 1073 3750 648,
1090 3702 1115 3737 u.
1130 3687 1182 3752 80),
1202 3687 1333 3738 llinschius

267 3768 426 3835 (Decretotes
441 3765 712 3827 Pseudo-isidoriano,
731 3761 811 3826 aran,
833 3778 857 3827 p.
882 3765 1135 3830 ccv11),deSmcdt
1158 3767 1214 3833 (Lea
1233 3771 1333 3834 sources

268 3850 414 3912 decretales,
436 3863 461 3914 p.
484 3848 567 3912 18-17,
583 3845 653 3910 nil).

949 3937 1059 3978 mcum
1074 3937 1203 3980 netarum

298 3987 322 4034 4.
395 3991 648 4037 usuum-relucens.
895 4015 1004 4056 smum
1020 4017 1139 4058 mmm
1154 4019 1182 4058 A·
1199 4009 1257 4060 855·

299 4107 382 4171 «lpse
395 4109 544 4174 veroprimre
557 4105 621 4160 aedis
635 4101 775 4157 Ecclesia...
811 4129 817 4139 ·
855 4103 940 4153 «Nem
960 4103 1079 4168 quomodo
1095 4119 1142 4154 uon
1161 4119 1247 4158 omues
1265 4106 1330 4156 vobis

264 4183 355 4248 judicia
376 4187 541 4252 episcoporum
563 4185 677 4250 singulari
702 4182 776 4249 priri-
821 4184 900 4234 omnia
917 4184 1052 4249 vindicatis,
1069 4186 1111 4249 qui
1127 4185 1220 4250 judicia
1237 4187 1329 4252 cpisco-

267 4263 332 4326 legio
350 4265 494 4328 evangelicis
508 4276 534 4318 et
547 4267 683 4334 apostolicis
705 4269 776 4329 atque
819 4278 979 4330 porumque
989 4264 1081 4315 merito
1092 4267 1160 4316 inter
1168 4267 1328 4332 majoranu-

191 4363 194 4368 ·
267 4344 774 4411 canoniciscoucesaasuntinstitutis;quio
820 4349 956 4396 merantur
973 4345 1085 4408 nepotio,
1100 4351 1186 4396 vestra
1209 4345 1328 4396 delibera·
