2954 5050
245 433 291 482 262
466 428 685 492 ansrnsn,
712 429 910 482 bausleno
937 429 1021 480 Pers
1046 430 1087 492 li,

245 572 339 642 leret.
354 571 414 640 Cui
429 571 528 641 etiam
546 569 663 638 iisdem
679 568 796 639 litteris
810 567 1067 641 interdicebatur
1088 589 1130 638 ne
1144 569 1187 640 ad
1201 569 1310 642 sedem

246 687 453 775 apostolicam
470 685 562 774 prius
579 684 770 774 confugeret
786 704 887 774 quam
911 705 947 754 se
962 685 1133 770 Hincmari
1150 687 1311 778 archippi«

246 803 333 890 scopi
348 800 539 890 subjecisset
557 801 695 894 imperio
706 801 730 874 ¹.

288 917 366 987 Hac
385 916 488 1005 igitur
510 917 717 1006 Anastasius,
742 917 823 986 dum
845 917 945 1004 legati
967 915 1073 986 Caroli
1092 916 1185 990 Calvi
1200 918 1312 1002 Rome

245 1040 421 1120 presentes
447 1031 679 1116 imminebant.
702 1033 747 1104 At
770 1032 830 1101 ubi
857 1031 1029 1120 prasentia
1050 1033 1106 1101 illa
1131 1043 1165 1102 et
1188 1035 1312 1122 impor-¹

244 1147 382 1216 tuuitate
401 1147 486 1232 liber
506 1148 625 1236 evadit,
649 1169 763 1218 rursus
785 1147 991 1218 occasionem
1014 1149 1086 1238 regi
1105 1147 1310 1234 Francorum

246 1259 504 1345 occidentalium
517 1262 657 1334 nocendi
671 1271 865 1352 aucupator.

288 1375 331 1450 Et
350 1378 418 1450 bec
440 1376 574 1468 quidem
595 1379 738 1448 occurrit
755 1377 925 1447 citissime.
947 1377 1021 1448 Mor
1038 1379 1162 1448 enima
1179 1377 1312 1452 Carolu-

245 1513 381 1580 maupo,
409 1491 498 1574 Calvi
515 1494 593 1582 filiu,
615 1493 713 1582 legati
733 1493 876 1562 Romam
900 1491 1097 1581 venerunt²,
1120 1495 1314 1570 nuntiantes

246 1607 333 1679 inter
365 1608 455 1678 hunc
482 1608 587 1686 fitium
616 1617 648 1686 et
672 1609 744 1700 ejus
769 1618 897 1697 patrem
918 1609 1196 1681 luctuosissimam
1222 1612 1314 1682 illam

247 1723 426 1814 querelam,
441 1721 722 1818 quaeJ'ampridem
736 1724 893 1813 exstabat,
916 1744 1021 1813 nuper
1048 1726 1154 1794 multu
1179 1727 1315 1814 grauius

246 1839 417 1930 exarsisse,
436 1848 487 1930 ut,
510 1838 602 1928 jussu
622 1838 729 1908 Caroli
743 1841 842 1928 regis,
867 1839 1138 1929 Carolomannus,
1154 1842 1315 1918 omnibus

248 1953 413 2038 benefieiis
439 1961 535 2042 etque
562 1954 741 2025 bonoribus
769 1955 993 2025 inhumaniter
1021 1955 1201 2044 spoliatus³
1228 1957 1313 2046 (erat

248 2071 338 2141 enim
353 2069 415 2140 iste
427 2069 583 2142 diaconus
597 2077 630 2138 et
642 2069 679 2138 in
693 2069 805 2139 multis
819 2070 1026 2140 monasteriis
1038 2071 1166 2162 abbas),
1181 2091 1314 2147 ercom-

247 2185 478 2258 municationis
497 2184 597 2255 etiam
616 2205 748 2276 pmuam
762 2183 826 2256 sibi
840 2206 930 2259 nuuc
948 2187 1138 2274 impendere
1155 2186 1311 2267 videret⁴.

292 2299 463 2392 Suscipere
476 2299 618 2390 protecto
634 2300 795 2392 ejusmodi
808 2321 953 2391 causam,
973 2310 1070 2390 atque
1084 2301 1315 2392 deprecatione

246 2414 500 2506 prudentissima
509 2425 567 2500 eut
575 2416 797 2491 moderatione
811 2417 1020 2502 correctionis
1034 2416 1184 2488 animum
1195 2438 1312 2508 peretr-

245 2532 288 2599 tis
301 2531 367 2599 filio
381 2531 603 2621 reconciliare,
618 2552 656 2600 ea
674 2533 745 2602 laus
760 2542 829 2602 erat
843 2533 994 2621 praeclara
1015 2542 1114 2620 atque
1134 2533 1220 2602 sedis
1234 2554 1314 2623 apo·

246 2645 365 2732 eutice
386 2633 598 2738 dignissima(
620 2645 714 2730 Quod
741 2648 876 2739 quidem
902 2669 1001 2736 quam
1026 2659 1111 2718 esset
1132 2649 1313 2740 pulchrum

245 2779 329 2854 opus
350 2762 574 2834 intellexerant
594 2764 693 2852 legati
715 2763 999 2864 illi9pcntificales‚
1024 2763 1094 2853 qui,
1119 2784 1209 2832 anno
1229 2766 1310 2855 eie,

244 2878 326 2947 dum
347 2877 383 2946 lu
406 2873 508 2948 Gallia
522 2878 747 2968 versabantur,
764 2877 804 2967 de
825 2879 1064 2948 Carolomauno
1084 2878 1120 2948 in
1132 2879 1310 2976 pristinam

243 2994 345 3083 patris
358 2994 498 3084 gratiam
511 2995 696 3074 reducendo
707 2993 796 3065 haud
809 2993 929 3064 irustra
944 2991 1112 3082 egerautl.

288 3109 334 3177 At
353 3129 441 3200 vero,
466 3109 549 3179 sier
569 3111 630 3180 bac
646 3130 724 3200 pace
741 3111 919 3199 composita
937 3108 1062 3200 grande
1073 3110 1178 3200 *decus
1198 3110 1233 3179 iu
1254 3129 1311 3180 ec·

243 3226 376 3314 ciceiam
402 3225 587 3303 Romanam
614 3225 823 3310 redundaret,
849 3224 958 3296 fovere
977 3235 1090 3296 contra
1116 3217 1176 3299 filii
1200 3225 1308 3298 rebel·

275 3422 299 3471 t.
319 3415 524 3483 obletrcpolitano
546 3421 590 3467 tuo
612 3429 655 3482 per
673 3417 764 3480 omnia,
789 3416 921 3468 secundum
945 3431 1024 3468 sacros
1049 3431 1161 3482 menes,
1182 3418 1307 3484 subjectus

243 3500 363 3553 crisme»
378 3496 493 3550 Hadriani
506 3499 528 3550 ll
542 3496 625 3562 uolet.
636 3495 848 3550 adflincnmrum
854 3497 1051 3552 trudonensem
1060 3499 1166 3564 (Misus,
1175 3504 1196 3552 t.
1206 3501 1307 3562 CXXll,

243 3579 530 3714 Opbaz’gdrdlao‘rlrredgnls
554 3655 637 3707 sedern
655 3657 809 3721 apostolicam
831 3657 918 3720 legetis
937 3657 997 3733 suis,
1019 3648 1135 3724 tanquam
1160 3659 1306 3724 quibusdam

239 3739 329 3807 pedum
343 3753 439 3796 tuorum
449 3739 569 3804 passibus,
582 3735 652 3799 editt,
663 3742 689 3787 et
696 3751 739 3800 per
752 3739 860 3804 proprias
871 3737 964 3788 litteras
973 3753 1015 3790 nos
1025 3738 1138 3804 appellat,
1153 3739 1213 3804 quin
1226 3741 1307 3804 potius

238 3820 407 3894 interpellet.»
429 3819 542 3872 Hadriaci
563 3819 586 3874 11
605 3817 691 3882 uper.
710 3818 746 3870 ud
760 3818 882 3870 carolum
905 3817 1014 3872 Calvum
1038 3819 1143 3882 (iligen,
1167 3824 1188 3872 t.
1207 3821 1307 3886 unxit,

240 3901 480 4038 Ρ.3ι.8οΥἵ.)ὶΙὶηοωιτί
494 3978 612 4042 Anactes,
627 3992 651 4030 a.
663 3979 710 4030 ate
725 3977 813 4041 trena,
828 3981 848 4043 l,
865 3979 931 4043 tet).

158 4049 161 4058 ’
269 4063 295 4116 i·
310 4061 430 4116 Videlicet
439 4061 559 4112 circitare
571 4074 654 4110 meuse
665 4059 792 4110 Februario
802 4075 824 4110 a.
838 4062 893 4112 etl.
908 4061 942 4112 V.
955 4060 1078 4112 lliucmari
1090 4061 1216 4124 renatos,
1229 4077 1253 4114 ι.
1261 4063 1304 4118 iii

241 4141 339 4206 (Perta,
360 4144 380 4206 l,
400 4142 469 4207 tel);
487 4141 610 4194 iliucmeri
623 4141 710 4207 Epist.
731 4137 766 4192 ud
786 4139 928 4205 semipsum
945 4141 1016 4192 ared.
1033 4142 1142 4207 (stipae,
1156 4148 1177 4194 t.
1192 4143 1306 4208 GXXW,

240 4234 267 4285 p.
277 4222 322 4272 iil
337 4221 402 4286 sqq.)
407 4236 416 4284 ;
429 4221 538 4284 Scirem,
552 4220 686 4283 lliokmcr,
697 4233 722 4284 p.
737 4221 794 4281 ete,
803 4221 859 4270 etl.

274 4301 298 4350 5.
315 4299 347 4350 V.
362 4299 621 4365 lliucmariunnalee
635 4315 659 4350 a.
672 4301 718 4348 87⁰
733 4299 823 4364 (Perta,
833 4300 853 4363 l,
863 4300 930 4363 tet).
