3006 5050
281 457 325 506 tea
370 456 572 510 Anterastt
593 447 785 506 ineuntur!
806 455 853 506 EX
874 455 1073 506 nrtsronls
1093 456 1278 508 Nlssssbbll
1384 503 1388 508 .
1476 509 1477 534 Χ

277 609 326 669 est
340 599 403 667 sibi
419 619 485 666 non
499 613 569 668 esse
583 597 722 666 dubium
735 597 816 685 quin
827 596 985 684 Isidorus,
996 597 1347 688 Hispanusepiscopus

278 716 377 785 seculi
398 715 491 801 serti,
506 715 575 782 baen
594 723 742 782 veterum
762 714 953 801 pontificum
970 725 1186 781 monumenta
1198 716 1233 780 in
1247 715 1346 782 codi-

276 849 348 899 cem
373 818 551 912 collegisset
565 827 589 895 ¹.

321 943 357 1011 ld
379 963 485 1011 unum
505 944 671 1030 negabant
690 940 870 1011 Galliarum
890 943 1046 1033 episcopi,
1068 943 1245 1012 decretales
1266 946 1344 1012 illas

272 1060 343 1149 jam
376 1058 457 1146 legis
482 1058 625 1147 vigorem
655 1059 793 1146 babere,
822 1059 942 1146 quippe
969 1059 1213 1146 antiquissimas
1240 1070 1343 1148 atque

277 1172 495 1243 recentiorum
529 1173 741 1242 conciliorum
770 1173 906 1242 decretis
938 1174 1131 1261 abrogatas,
1161 1184 1195 1241 et
1223 1174 1258 1242 id
1280 1174 1342 1262 ju-

275 1287 427 1358 dicabant
458 1309 524 1356 non
556 1288 596 1355 de
628 1288 783 1357 omnibus
804 1288 1152 1358 Pseudo-isidorianis
1179 1289 1339 1377 epistolis,

279 1403 336 1474 sed
357 1404 397 1473 de
421 1403 502 1492 illie,
527 1404 672 1492 ipsorum
698 1402 869 1491 opinione,
896 1404 1144 1491 vetustissimis,
1167 1425 1240 1491 quat
1266 1406 1341 1492 epi-

273 1539 444 1608 scoporum
469 1517 610 1607 judicia,
633 1529 745 1588 contra
770 1539 871 1606 quam
897 1519 933 1586 in
957 1520 1103 1587 conciliis
1126 1521 1338 1606 generalibus

272 1643 357 1720 esset
374 1642 547 1721 statutum,
565 1633 714 1702 Romano
727 1633 870 1721 pontitlci
885 1633 1125 1702 vindicabant².
1144 1633 1254 1715 Quam
1269 1635 1338 1702 dis-

273 1749 463 1818 tinctionem
495 1771 561 1818 nou
597 1769 636 1818 ex
668 1749 847 1818 ambitione
879 1749 985 1817 solum
1017 1759 1076 1817 aut
1102 1749 1137 1816 in
1165 1751 1336 1838 proprium

271 1863 481 1934 commodum
509 1865 752 1953 confinxerant,
783 1864 839 1932 sed
868 1863 1043 1933 oumielsat
1065 1865 1129 1934 illae
1145 1866 1336 1952 decretales,

271 1980 392 2069 quibus
420 1979 544 2069 judicia
575 1979 766 2068 episcopalia
800 1979 949 2048 Romano
981 1981 1125 2068 pontifici
1157 1981 1334 2064 dabantur,

271 2115 347 2164 curn
364 2094 405 2165 iis
420 2094 546 2184 legibus
560 2115 633 2183 quae
647 2095 683 2162 in
699 2094 792 2162 libris
808 2115 972 2163 canonum
994 2094 1125 2162 inerant
1143 2115 1181 2162 ac
1193 2096 1338 2165 maxime

270 2231 345 2281 cum
372 2211 507 2280 concilio
531 2209 715 2278 Sardicensi
741 2220 942 2297 pugnarent,
972 2210 1029 2297 qui
1059 2210 1197 2279 decretis
1224 2213 1334 2279 conci·

268 2325 386 2394 tiorum
405 2345 442 2393 ac
461 2324 556 2393 libris
575 2323 739 2393 canonicis
761 2333 845 2394 stare
860 2325 1028 2412 volebant,
1049 2326 1091 2394 iis
1112 2346 1244 2395 necesse
1264 2337 1336 2394 erat

268 2437 375 2508 dicere
391 2437 695 2526 antiquissimorum
714 2459 871 2527 paparum
891 2440 1041 2528 epistolas
1055 2461 1131 2508 anm
1150 2441 1336 2510 canonibus

266 2551 499 2642 posterioribus
512 2552 718 2642 dissidentes,
733 2575 799 2621 non
812 2566 1001 2643 perpetuam
1013 2556 1078 2625 vim
1092 2555 1329 2645 habuissc,sed

298 2791 320 2842 l.
338 2787 379 2841 Sia
390 2788 453 2840 enlm
470 2787 510 2839 ille
523 2789 553 2839 de
565 2788 646 2839 codice
656 2787 770 2838 talearum
784 2786 940 2838 decretalium
951 2803 958 2838 :
970 2805 982 2831 a
1033 2787 1094 2838 libro
1107 2787 1262 2838 collectarum
1276 2789 1332 2853 epi·

266 2867 378 2919 stolarum
387 2868 418 2920 ab
430 2867 527 2928 laidoro,
542 2883 614 2934 quem
632 2867 661 2918 de
678 2866 794 2931 Hispania
807 2866 906 2916 allatum
915 2866 1022 2917 Rioulius
1036 2867 1194 2929 Moguntinua
1208 2869 1335 2933 episcopus

266 2947 288 2998 ln
304 2949 447 3012 hujusmodi,
465 2947 527 2998 aient
541 2954 566 2998 et
582 2949 605 2998 ln
617 2945 729 3011 capitulis
746 2945 830 3010 regila,
839 2947 958 2997 studiosus
972 2945 1085 3011 obtinuit,
1100 2953 1125 2998 et
1145 2948 1202 2997 istas
1222 2949 1334 3010 regiones

264 3043 292 3077 ex
307 3027 347 3077 illo
366 3027 451 3092 repleri
466 3027 553 3078 lecit.»
569 3027 690 3077 llincmari
709 3028 779 3077 Rem.
794 3027 948 3092 opusculum
963 3028 1007 3079 tv
1021 3029 1101 3092 capit.
1116 3028 1240 3078 adversus
1253 3030 1332 3078 Hinc-

265 3121 365 3157 mcrum
379 3105 580 3172 laudunensem,
595 3118 694 3157 c.xx1v
707 3106 811 3172 (iligna,
823 3113 844 3157 t.
856 3107 966 3169 cxxvi,
982 3122 1007 3171 p.
1019 3108 1086 3171 379).

295 3189 318 3237 l.
341 3187 397 3236 llec
420 3185 571 3250 llincmarua,
585 3193 710 3252 postquam
731 3185 852 3236 Gelasium
872 3199 957 3252 papam
971 3187 1054 3237 citarit
1066 3201 1074 3236 ε
1087 3187 1333 3240 adnimadvertanda

266 3266 339 3330 lpitttr
356 3272 393 3317 eat
402 3265 522 3327 diremtio,
538 3282 565 3318 ar
578 3265 657 3317 rerbia
670 3266 733 3316 beati
748 3267 846 3325 Gelaaii,
861 3269 925 3317 inter
938 3265 1057 3331 synodalia
1070 3266 1170 3316 coucilia
1181 3270 1334 3333 etapostoli-

264 3359 345 3398 corum
359 3343 462 3398 rlrorum
481 3345 603 3411 epistolas,
624 3361 688 3414 quoa
706 3351 767 3398 oreta
783 3347 888 3397 concilio
904 3347 1040 3408 celebrato,
1059 3346 1160 3398 dirersis
1173 3350 1330 3413 temporibus,

264 3441 307 3493 pro
314 3427 462 3478 diversorum
472 3431 564 3492 patrum
574 3427 734 3478 consolatione
743 3427 910 3480 dederunt...c
919 3429 971 3488 Quo
981 3427 1033 3477 loco
1043 3428 1199 3478 llincmarum
1207 3428 1238 3478 de
1250 3428 1332 3480 decre·

264 3507 351 3558 talibus
365 3507 496 3574 priscorum
511 3520 624 3572 paparum
638 3507 746 3558 laborare
761 3507 915 3558 manifestum
927 3512 966 3557 eet
974 3508 1006 3572 (r.
1019 3507 1142 3558 Hincmari
1153 3511 1224 3560 Rern.
1237 3512 1330 3575 opusc.

263 3587 393 3654 tl'captt.
407 3587 528 3638 adversus
538 3587 637 3638 Hr'ncm.
650 3587 741 3650 Laud,
752 3603 773 3638 c.
784 3599 848 3650 xxv,
861 3587 955 3649 Migue,
970 3592 989 3637 t.
1005 3587 1116 3652 cxxvi,
1130 3604 1155 3653 p.
1169 3590 1236 3652 eet).
1249 3596 1330 3654 atqua

263 3669 333 3734 paulo
350 3673 403 3734 port
414 3679 510 3718 causam
526 3666 626 3716 atterens
643 3679 687 3716 eur
706 3667 756 3730 ipre
777 3667 930 3718 conmnderct
952 3681 980 3717 ex
1002 3668 1031 3718 iia
1050 3668 1155 3733 antiquis
1169 3669 1329 3720 decretalibus

262 3748 320 3798 aliea
335 3749 384 3800 rim
395 3745 526 3799 obtinuisse
539 3751 689 3812 perpetuam,
706 3744 765 3796 aliar
775 3761 831 3797 raro
844 3747 874 3797 ad
887 3753 984 3812 ternpus
998 3747 1110 3810 valuisse,
1124 3763 1177 3798 aeae
1190 3757 1289 3800 excusat
1304 3749 1329 3799 iu

263 3827 325 3878 buna
345 3829 457 3880 modurn:
474 3828 528 3879 «nt
544 3827 594 3877 beta
606 3825 668 3890 dico,
684 3839 731 3874 non
752 3841 799 3890 quo
817 3827 926 3891 quadam
943 3827 969 3876 in
982 3827 1017 3877 eia
1028 3827 1107 3878 dicam
1119 3843 1172 3878 erae
1184 3843 1234 3878 non
1251 3830 1324 3892 bona,

262 3907 302 3958 red
326 3921 372 3960 non
389 3923 432 3976 per
451 3907 531 3959 omnia
544 3906 618 3958 aacrla
634 3904 776 3965 canonibus,
801 3908 948 3972 Patremque
966 3906 1072 3957 conciliis
1088 3922 1225 3958 consona»
1241 3909 1327 3971 (ibid,

261 4001 285 4050 p.
303 3989 369 4053 tlt.)
384 3989 492 4054 Denique
507 3988 571 4039 idem
587 3986 737 4046 llincmarua,
760 3983 791 4033 de
811 3985 897 4036 iisdem
917 3985 983 4036 talaia
1001 3985 1161 4038 decretalibus
1180 4002 1268 4053 agens,
1291 3989 1326 4039 sic

261 4076 372 4132 nepotem
386 4084 454 4119 anum
470 4069 582 4133 objurgat
598 4083 604 4118 r
621 4084 634 4115 u
646 4067 679 4117 [lx
691 4078 739 4131 quo
752 4077 819 4114 sacra
834 4066 933 4116 concilia
950 4067 974 4116 in
989 4065 1091 4117 ecclesia
1107 4066 1224 4118 celebrari
1244 4083 1323 4133 cope-

261 4151 323 4208 runt,
334 4145 374 4198 illa
387 4163 440 4215 qua
452 4163 493 4200 suo
504 4155 609 4215 tempore
619 4146 706 4213 partim
717 4145 855 4208 riguerunt,
871 4146 916 4196 nisi
928 4152 1044 4212 quantum
1059 4161 1087 4197 ex
1100 4154 1125 4197 te
1139 4155 1184 4212 eat,
1202 4148 1323 4198 recrudes-

260 4239 313 4276 cere
334 4225 496 4292 inceperunt»
515 4229 593 4294 (ibid,
615 4243 639 4294 p.
657 4226 726 4290 ³91);
751 4239 887 4290 quanquam
910 4227 1006 4277 omnino
1027 4241 1074 4276 uon
1092 4243 1149 4279 vare
1165 4228 1257 4279 dictum
1276 4233 1323 4287 eat,

261 4305 306 4358 itta
318 4313 452 4374 commenta
467 4308 497 4358 ab
512 4309 640 4360 lliucmaro
654 4305 801 4358 bauduuansi
818 4305 981 4357 recrudescere
994 4307 1118 4372 incepisse.
