2954 5050
273 428 319 476 192
357 424 561 477 anastasii
583 421 1244 475 1666111611ΕΧΕΡΙετοιῐεΝιοοιΑΙ
1269 423 1276 472 Ι

317 570 445 638 Verum
466 569 508 637 ab
521 569 577 637 illo
592 567 720 637 decreto
729 567 801 657 jam
818 569 934 636 tertius
953 566 1113 654 agebatur
1126 587 1243 655 annus,
1260 589 1339 636 cum

272 684 424 752 Nicotaus
437 705 520 773 papa
531 685 728 752 sententiam
742 692 935 769 commutat,
945 682 986 752 de
999 681 1153 751 Wullado
1166 704 1229 750 non
1244 703 1341 771 aequo

268 801 345 890 jure
357 799 545 887 judicatum
560 819 632 868 esse
648 800 803 884 declarat,
826 820 960 866 causam
982 819 1100 866 rursus
1119 798 1241 886 inquiri
1255 797 1340 886 ejec-
1447 849 1448 862 .

272 929 388 1003 tosque
402 913 535 982 clericos
556 915 593 981 in
612 916 754 982 honores
777 914 903 982 restitui
920 912 1028 1002 jubet.
1044 914 1246 995 Quinimmo,
1265 935 1339 1001 quae

272 1035 355 1099 Acta
367 1029 497 1096 concilii
514 1028 714 1099 Suessionici
733 1030 805 1098 sine
818 1028 1023 1097 dubitatione
1033 1030 1114 1096 olim
1133 1029 1336 1116 probaverat,

272 1148 341 1213 baec
354 1145 469 1213 eadem
489 1166 578 1212 nunc
594 1145 759 1213 existimat
770 1144 884 1212 multis
901 1145 1001 1212 rebus
1024 1143 1141 1212 relerta
1158 1154 1213 1212 aut
1228 1144 1339 1232 inepte
1448 1174 1449 1194 ι

273 1269 330 1328 aut
342 1259 456 1346 inique
474 1262 588 1346 gestis,
603 1260 640 1326 iu
653 1261 715 1328 boc
730 1260 831 1328 etiam
845 1259 948 1347 ipsius
960 1256 1130 1327 Benedicti
1144 1257 1191 1327 lll
1208 1269 1340 1328 senteu-

273 1376 326 1443 tiae
340 1375 515 1461 derogans,
536 1375 594 1462 qui
611 1375 747 1462 quidem
765 1394 831 1462 res,
849 1384 887 1441 ut
899 1383 994 1443 erant
1008 1373 1046 1441 in
1058 1373 1153 1443 Actis
1166 1384 1337 1462 enarrata,

272 1503 306 1561 et
319 1492 422 1560 bonas
435 1500 468 1561 et
481 1499 615 1558 rotasse
631 1490 752 1558 habere
766 1489 903 1558 dixerat.
1163 1469 1167 1478 ¹

316 1606 425 1694 Hujus
449 1613 560 1674 autem
586 1604 821 1688 conversionis,
847 1604 876 1673 si
899 1605 1024 1674 Nicolai
1048 1604 1201 1693 epistolas
1225 1605 1338 1674 audire

271 1721 425 1802 velimus,
436 1741 474 1788 ea
490 1741 588 1788 causa
606 1719 732 1808 luisset,
743 1721 843 1808 qnod,
859 1720 995 1788 ineunte
1008 1741 1095 1788 anno
1110 1721 1188 1807 866,
1200 1720 1340 1789 Romam

272 1857 311 1905 ex
334 1835 446 1904 Galliis
467 1837 634 1904 venissent
654 1835 752 1903 multi
773 1835 849 1922 viri,
872 1836 1027 1922 aquibus
1049 1835 1143 1904 sedes
1164 1838 1339 1923 apostolica

273 1953 440 2022 didicisset
466 1949 658 2020 Wulladum
688 1950 825 2038 ejusque
852 1951 956 2018 socios
984 1951 1064 2018 olim
1092 1950 1134 2018 ab
1160 1950 1340 2020 Hincmaro

273 2067 372 2138 luisse
387 2067 539 2156 dejectos.
556 2067 629 2147 Quo
646 2067 770 2152 audito,
787 2066 919 2134 Nicolao
939 2065 1152 2134 succurrisset
1171 2067 1340 2135 archivum

272 2182 461 2252 Romanum
478 2183 687 2269 investigare,
699 2182 727 2249 si
741 2181 824 2249 torte
837 2181 878 2249 de
896 2182 959 2248 ista
976 2201 1074 2250 causa
1088 2183 1209 2268 scripta
1229 2183 1341 2269 aliqua
1451 2179 1452 2194 ²

273 2300 308 2366 in
333 2319 371 2365 eo
395 2296 635 2364 invenirentur.
661 2295 878 2383 nequidem,
904 2296 985 2364 dum
1008 2299 1077 2364 hanc
1101 2308 1339 2385 quaererentur,

274 2432 424 2479 summus
438 2410 593 2498 pontifex,
614 2411 710 2480 nllao
724 2413 887 2479 revelante
897 2434 931 2498 n,
943 2412 978 2479 in
993 2431 1031 2480 ea
1044 2411 1115 2498 ipsa
1125 2413 1208 2480 Acta
1222 2414 1340 2500 synodi

274 2526 489 2596 Suessiouieae
502 2525 670 2595 incidisset
688 2547 761 2614 quae
775 2526 986 2612 trimanus,
1008 2526 1114 2595 tribus
1136 2537 1211 2597 ante
1229 2529 1340 2615 anub,

214 2738 217 2746 Ι
274 2640 316 2708 ad
333 2639 676 2728 sedemapostolicam
700 2642 851 2728 miserat,
871 2641 993 2728 quibus
1019 2652 1142 2710 attente
1166 2643 1338 2730 revolutis,

274 2757 373 2824 totius
388 2757 435 2824 rei
450 2756 607 2825 illuxisset
621 2754 772 2825 veritas¹.

272 2915 427 2984 praesulatui
450 2917 576 2964 intimasti
597 2917 621 2964 et
648 2917 776 2979 pastorum
833 2913 916 2963 lendes
942 2914 991 2966 llai
1019 2914 1097 2965 suarat
1122 2915 1250 2978 celebrata,
1274 2923 1300 2966 et
1325 2933 1341 2967 a

273 2997 338 3044 serie
347 2996 538 3056 demonstrasti,
553 2999 617 3043 ratas
627 3010 668 3043 aas
682 2993 778 3058 quidem
834 2993 956 3043 decessore
964 3001 1044 3044 nostro
1053 2996 1130 3044 beata
1136 2996 1256 3046 memoria
1263 2998 1340 3046 benc-

273 3075 422 3124 delinitiones
446 3074 574 3138 apostolica
598 3075 648 3124 lora
675 3073 780 3140 promul·
834 3073 897 3122 dicto
912 3088 975 3139 papa
987 3081 1024 3124 est
1036 3076 1183 3138 confirmata,
1201 3078 1263 3126 sicut
1276 3076 1340 3126 idem

275 3167 359 3215 gamus
368 3155 518 3216 auctoritate,
528 3169 669 3219 semperque
683 3169 780 3203 manere
833 3161 921 3202 sanctu
947 3153 1115 3204 recordationis
1142 3156 1246 3220 pontifex
1275 3154 1340 3204 illam

273 3232 410 3294 statuimus,
426 3238 454 3282 ut
471 3233 527 3282 inde
540 3235 638 3298 quaestio
652 3234 722 3283 nullis
735 3235 779 3283 ali·
834 3235 991 3294 confirmarit,
1017 3235 1050 3282 ita
1071 3242 1096 3284 et
1120 3251 1163 3284 uos
1184 3251 1236 3285 cam
1254 3237 1340 3285 contir-

274 3311 368 3378 quando
382 3312 529 3377 temporibus
543 3315 642 3376 oriatur,
659 3320 684 3363 et
698 3314 778 3378 adspi-
834 3321 934 3377 matam,
965 3317 990 3363 et
1016 3315 1231 3380 irrefrnpudilem,
1255 3331 1341 3380 perpe·

276 3399 355 3442 rantes
380 3392 486 3442 indebite
512 3391 631 3442 anhelitus
651 3393 780 3458 compressi
834 3398 923 3457 tuoque
948 3408 1087 3443 mansuram
1110 3395 1240 3459 apostolica
1259 3401 1341 3446 sueto·

274 3472 381 3522 funditus
393 3479 509 3537 perpetuo
521 3479 632 3522 maneant
654 3489 661 3523 ε
681 3489 712 3523 ne
726 3489 779 3522 am·
834 3474 905 3522 ritate
922 3473 1082 3537 decernimus,
1101 3475 1173 3525 salvo
1193 3481 1277 3526 tumen
1291 3476 1341 3524 lio-

275 3553 780 3617 pliusullorumcontradicentiumadrensi-
834 3569 917 3603 munoe
930 3554 999 3604 sedis
1014 3555 1039 3604 in
1049 3555 1165 3605 omnibus
1176 3558 1342 3622 jussamque

274 3634 364 3682 tatibus
377 3633 421 3683 Dei
435 3633 590 3682 conturbetur
605 3634 723 3692 Ecclesia;
739 3635 780 3682 sed
830 3633 965 3698 judicic.-

274 3712 383 3761 omnibus
401 3719 470 3762 eruta
488 3728 569 3762 scaevo
589 3713 781 3778 pertractationis
835 3714 967 3779 (Sirmoud,
988 3715 1104 3766 Concilio
1132 3717 1236 3777 Gallice,
1256 3722 1274 3766 t.
1295 3717 1340 3778 lll,

274 3792 393 3842 erroribus
424 3797 491 3842 unita
515 3809 609 3858 semper
636 3793 660 3841 iu
686 3792 782 3842 Christo
866 3809 891 3858 p.
906 3797 966 3858 2165
983 3796 1076 3860 Minue,
1086 3803 1106 3846 t.
1121 3797 1209 3862 CXlX,
1225 3812 1250 3862 p.
1274 3799 1341 3860 821.)

274 3877 447 3933 permaneat.»

275 3949 407 4017 (Sirmond,
430 3953 542 4005 Concilio
567 3953 669 4016 Gnllioe,
691 3957 711 4001 t.
736 3953 779 4012 lll,

306 4035 405 4091 p.108;
424 4035 516 4100 bligue,
533 4042 551 4085 t.
572 4036 648 4096 CXV,
669 4049 692 4097 p.
713 4033 781 4094 691.)

305 4122 328 4167 1.
345 4121 398 4180 Quo
414 4131 484 4186 pacto
506 4125 617 4174 Nicolaus
630 4122 747 4172 adductus
761 4121 831 4172 luerit
853 4131 880 4172 ut
901 4127 1043 4177 sententiam
1059 4143 1126 4178 suam
1142 4128 1172 4178 de
1189 4127 1341 4178 damnatione

275 4197 382 4256 Wulladi
401 4211 568 4269 commutaret,
586 4203 733 4264 Anastasius,
749 4203 801 4266 ejus
816 4205 922 4269 nomine,
940 4207 977 4256 bis
991 4209 1106 4270 narrarit,
1126 4210 1243 4274 primum,
1262 4223 1341 4258 menae

274 4277 351 4342 Aprili
360 4281 837 4347 cuni866,deinde,eodemanuo,mense
846 4284 1340 4355 decembri,atpauloallteraliotempore·
