2960 5052
271 417 300 466 te
568 415 616 464 Dll
636 412 839 465 ANASTASII
861 411 1033 472 ORIGINE,

270 560 382 647 graecis
403 558 622 646 studuissent3
640 567 672 625 at
688 558 741 626 ille
756 556 897 642 Siculae,
914 556 966 622 hic
981 554 1084 643 Syrus
1099 555 1206 642 erat¹3
1228 575 1345 643 neque

271 677 444 764 quisquam
458 695 572 742 eorum
590 695 747 761 paparum
767 673 822 760 qui
843 693 880 740 ex
897 673 983 739 clero
998 670 1146 739 Romano
1165 670 1345 738 adsedem

272 790 476 877 apostolicam
497 788 596 856 evecti
620 796 696 856 sunt
717 787 830 854 eadem
855 786 951 852 laude
970 786 1005 851 in
1026 784 1208 852 Annalibus
1227 785 1345 872 ponti·

272 905 352 974 ficiis
373 913 559 972 exornatur.

316 1018 388 1086 Non
401 1019 570 1088 Romanus
584 1037 691 1105 neque
704 1017 815 1084 Romae
827 1015 973 1084 eruditus
986 1024 1055 1083 erat
1070 1015 1255 1092 Hadrianus
1268 1015 1343 1104 ille,

272 1155 383 1222 quem,
405 1144 443 1201 ut
465 1135 606 1220 legimus
626 1132 712 1218 apud
734 1131 870 1215 Bedam,
892 1151 1004 1218 graecae
1030 1131 1152 1217 pariter
1172 1141 1204 1198 et
1228 1131 1346 1200 latinae
1376 1225 1379 1229 Ι

271 1251 391 1336 linguae
403 1249 652 1338 peritissimum,
666 1247 847 1314 Vitalianus
856 1267 938 1335 papa
949 1246 983 1313 in
997 1245 1203 1314 Britanniam
1213 1245 1341 1316 misit².

271 1363 303 1433 Is
315 1364 418 1451 enim,
434 1364 566 1430 natione
582 1362 673 1450 Afer,
690 1370 866 1449 antequam
890 1360 1030 1429 Romam
1055 1382 1074 1429 a
1098 1381 1229 1428 summo
1250 1383 1344 1448 pon-

272 1479 843 1565 tificcarcesseretur,monasterium
855 1475 1343 1563 NiridanumpropeNeapolim

273 1591 439 1682 regebat³.
468 1593 561 1674 Quod
588 1602 695 1661 autem
719 1592 907 1659 Hadrianus
925 1589 1043 1678 papaI
1068 1591 1148 1658 duos
1172 1592 1341 1678 bomineS,

274 1709 331 1796 qui
343 1709 454 1795 lingua
467 1728 570 1795 greca
584 1707 717 1775 fortasse
731 1716 913 1794 uterentur,
926 1727 962 1775 er
978 1708 1060 1774 urbe
1074 1705 1179 1774 Roma
1188 1707 1229 1774 ad
1242 1727 1346 1794 syno-

275 1825 354 1893 dum
365 1824 599 1892 oeoumenicam
609 1819 945 1910 septimanilegavit⁴,
963 1842 1029 1888 non
1043 1822 1163 1889 idcirco
1176 1823 1342 1891 sententia

275 1948 384 2008 nostra
398 1938 558 2006 infirmari
582 1938 731 2026 videtur;
754 1958 831 2004 nam
853 1959 890 2004 ex
911 1938 962 2005 his
987 1936 1101 2024 legatis
1118 1959 1205 2004 unus
1224 1938 1342 2005 saltem

274 2052 406 2123 Graecus
423 2052 532 2141 erat⁵;
549 2062 645 2140 atque
661 2053 696 2118 in
714 2052 1002 2119 eeclesiallomana
1013 2061 1102 2119 tanta
1116 2061 1196 2138 erat,
1212 2062 1342 2140 tempo-

274 2169 366 2237 ribus
386 2169 463 2267 illis,
484 2167 622 2255 penuria
643 2188 756 2235 eorum
781 2168 838 2254 qui
855 2178 1030 2255 utramque
1046 2169 1194 2255 linguam
1207 2169 1342 2254 penitus

203 2319 210 2333 ·
274 2284 432 2350 haberent
444 2283 622 2369 cognitam,
640 2291 678 2350 ut
694 2284 773 2350 Acta
795 2283 895 2369 hujus
916 2283 1042 2351 concilii
1071 2303 1167 2352 nemo
1181 2303 1217 2350 ex
1233 2303 1342 2369 graeco

276 2416 426 2464 sermone
452 2395 488 2462 in
510 2396 650 2463 latinum
674 2397 815 2484 potuerit
840 2406 913 2484 apte
937 2409 1135 2466 convertere.
1161 2396 1219 2464 Ille
1249 2398 1343 2466 enim

276 2509 332 2598 qui
355 2512 439 2577 hanc
461 2530 574 2577 curum
594 2521 791 2598 susceperat,
808 2512 874 2580 sive
888 2513 965 2599 quia
980 2523 1065 2580 esset
1080 2510 1211 2580 Gracus
1225 2532 1343 2581 vocum

276 2625 453 2692 latinarum
488 2623 698 2714 inlreqnem,
740 2625 806 2695 sive
839 2636 971 2716 propter
1004 2628 1210 2714 imperitiam
1242 2628 1343 2715 graeei

277 2741 437 2810 sermonis
474 2761 546 2828 quaa
580 2741 707 2808 homini
740 2740 889 2810 Romano
923 2742 1056 2830 fuisset,
1092 2764 1165 2810 cam
1200 2745 1346 2812 transla-

276 2857 400 2925 tionem
417 2856 568 2943 conlecit,
588 2877 672 2946 quae,
693 2867 774 2925 teste
797 2858 866 2946 ipso
881 2858 1067 2945 Anastasio,
1092 2859 1142 2927 vir
1165 2880 1201 2926 ac
1223 2879 1265 2926 ne
1290 2859 1343 2927 vix

277 2972 411 3060 quidem
425 2972 563 3059 intelligi
577 2973 678 3060 possit
687 2970 712 3039 ⁰.
731 2972 795 3041 Sed
809 2975 877 3041 hacc
898 2985 973 3042 ante
994 2975 1158 3042 Anastasii
1174 2983 1343 3064 tempora3

312 3228 334 3275 l.
346 3226 417 3276 «Leo
428 3225 511 3289 junior
519 3227 616 3276 natione
630 3226 735 3290 Siculus,
746 3241 823 3289 grase
834 3227 956 3293 latinaque
965 3228 1047 3290 lingua
1056 3228 1171 3282 eruditus.
1182 3245 1197 3276 n
1207 3230 1246 3280 Cf.
1260 3231 1344 3280 Vitam

280 3305 367 3356 Leonis
381 3306 408 3354 ll
422 3304 537 3367 (vignoli,
553 3311 573 3356 t.
592 3308 613 3368 1,
631 3322 656 3372 p.
673 3309 740 3372 281).
758 3309 925 3372 «Gregorius,
940 3309 1035 3358 natione
1053 3311 1136 3374 Syrus,
1196 3323 1274 3370 greca
1287 3309 1345 3360 lati-

279 3399 358 3450 naque
368 3384 452 3445 lingua
464 3386 581 3436 eruditus.
595 3405 609 3434 o
622 3388 663 3439 Ci.
682 3390 765 3439 Vitam
778 3388 896 3452 Greqorii
910 3388 949 3438 Ill
961 3388 1077 3451 (Vignoli‚
1093 3390 1125 3452 ll,
1141 3403 1167 3452 p.
1188 3390 1239 3452 39).

310 3469 335 3517 2.
353 3464 426 3528 Reda,
447 3466 560 3516 Historia
583 3467 735 3531 duplorum,
757 3467 775 3520 l.
794 3468 838 3531 lV,
865 3483 887 3518 c.
908 3481 936 3518 n.
960 3468 998 3518 Cl.
1026 3469 1110 3518 Vitam
1132 3469 1257 3519 Vitaliani
1269 3483 1346 3534 pupoe

281 3545 397 3611 (vignoli,
411 3550 430 3596 t.
446 3547 466 3609 l,
479 3561 504 3610 p.
518 3549 645 3612 ree-210).

311 3630 335 3678 3.
352 3627 427 3688 Beda,
443 3626 503 3676 ibid.

310 3711 335 3758 l.
352 3706 373 3757 l.
397 3721 419 3756 e.
434 3707 528 3769 Petrus,
552 3707 741 3773 archipresbyter
762 3708 866 3760 ecclesia
890 3711 1014 3771 Romane,
1031 3715 1057 3759 et
1071 3711 1171 3772 Petrus,
1194 3709 1347 3771 begumenus

280 3787 418 3837 monasterii
434 3789 461 3838 S.
476 3787 545 3837 Sabus
559 3786 593 3849 (r.
612 3786 693 3836 Vitam
709 3788 839 3839 Hadriani
859 3790 880 3850 1,
902 3788 1010 3852 Vignoli‚
1031 3795 1050 3838 t.
1068 3789 1101 3849 ll,
1124 3802 1149 3852 p.
1165 3789 1232 3851 229),
1249 3788 1301 3852 qui,
1319 3787 1346 3837 in

280 3867 378 3918 concilio
399 3867 494 3916 Nicoeno
514 3868 546 3929 ll,
565 3881 612 3915 non
632 3866 711 3928 egisse
734 3883 776 3932 per
793 3869 949 3932 interpretem
972 3868 1089 3918 videntur.
1109 3869 1142 3918 V.
1156 3870 1221 3918 Acta
1242 3868 1347 3918 concilii

281 3947 379 3996 Nicoeni
388 3947 422 4010 ll,
435 3952 483 3996 act.
495 3948 517 3997 ll
534 3946 629 4012 (Goleti,
643 3953 661 3996 t.
674 3949 741 4010 Vlll,
757 3962 782 4012 p.
793 3950 848 4012 766,
861 3948 929 4012 eto).

313 4027 337 4074 5.
354 4027 464 4075 Gratum
486 4031 538 4076 erat
557 4026 729 4076 monasterium
750 4025 808 4076 illud
829 4029 855 4078 S.
880 4027 949 4078 Sabe
962 4027 1026 4094 quod
1045 4029 1131 4080 Petrus
1149 4026 1347 4092 administrabat,

283 4104 314 4152 V.
326 4104 450 4168 liabillon,
461 4105 572 4156 Annales
585 4107 612 4158 0.
627 4106 654 4157 S.
665 4106 705 4170 B,
717 4111 736 4156 t.
751 4107 783 4168 11,
798 4121 822 4170 p.
837 4107 893 4158 289.

314 4183 337 4232 6.
356 4184 497 4248 «Interpres
508 4201 567 4250 pene
579 4201 621 4252 per
634 4184 827 4250 singularunm
839 4187 963 4252 utriusque
976 4185 1193 4248 linguaeidiomate,
1207 4187 1267 4237 adeo
1275 4187 1350 4238 inerit

283 4262 382 4312 uerbum
395 4277 409 4311 e
425 4265 498 4314 verbo
517 4274 621 4330 secutus,
643 4266 740 4332 utquid
756 4267 781 4316 in
796 4265 879 4318 eadem
893 4267 996 4319 editione
1010 4266 1168 4330 intelligatur,
1183 4274 1226 4317 aut
1247 4267 1285 4317 rix
1305 4275 1350 4318 aut
