2944 5060
438 1039 695 1110 APPENDIX
728 1035 881 1109 PRIOR

313 1229 523 1278 MONUMENTA
554 1231 597 1278 ΕΤ
629 1228 736 1278 Nonas
766 1223 1004 1278 comemorans

171 1347 247 1404 QUAE
276 1345 435 1395 mansam
465 1347 500 1394 IN
528 1346 593 1394 Hoc
626 1345 735 1394 OPERE
764 1344 831 1393 AUT
859 1340 1015 1391 Paoeara
1043 1339 1145 1388 mame

398 1456 606 1506 ILLUSTRENT
633 1456 676 1504 AC
704 1454 920 1505 CONFIRMENT

517 1771 562 1832 ΙΝ
593 1770 741 1832 CAPUT
771 1769 803 1830 ll

200 1933 247 1992 Du
267 1948 367 1992 rarus
388 1931 559 1990 Arusacen
578 1944 902 1990 nxcouuumcamorsu
921 1945 956 1988 m
976 1941 1116 1986 ooucuro

538 2035 674 2096 Romano
688 2051 783 2098 nara·

168 2189 216 2250 Ex
236 2185 321 2249 Actis
336 2185 459 2249 concilii
473 2185 617 2265 Romani,
642 2187 677 2249 d.
696 2186 735 2250 lo
747 2205 794 2252 m.
813 2189 887 2250 Dec.
906 2203 937 2248 a.
957 2183 1028 2260 850,
1043 2181 1191 2244 adversus

127 2292 327 2356 Anastasium
342 2291 452 2368 babiti,
475 2290 552 2353 nibil
569 2310 652 2354 nunc
667 2294 779 2367 exstat,
803 2290 862 2353 nisi
882 2290 951 2354 baec
973 2289 1107 2370 epitome
1123 2288 1192 2368 (ego

129 2408 246 2465 tomam
258 2399 346 2460 illum
361 2398 545 2479 nominavit,
556 2417 651 2480 quam
666 2418 686 2461 a
699 2401 803 2462 Leone
815 2417 898 2479 papa
908 2397 948 2462 IV
957 2395 1076 2459 loribus
1089 2399 1121 2460 S.
1134 2398 1193 2457 Pe·

126 2507 182 2584 tri,
196 2510 287 2588 parte
301 2507 441 2585 dextera,
459 2506 597 2582 affixam,
613 2507 670 2568 sed
683 2507 797 2569 deinde
809 2506 850 2568 ab
865 2504 1029 2567 Anastasio
1045 2505 1192 2582 deletam,

126 2613 317 2680 Benedictus
331 2632 414 2694 pape
427 2615 468 2677 lll
477 2632 585 2676 rursus
600 2612 734 2676 describi
748 2630 785 2676 ac
799 2610 954 2693 proscribi
965 2609 1072 2691 jussit¹
1089 2629 1097 2674 :

162 2773 373 2846 Imperantibus
388 2772 514 2830 dominis
526 2773 642 2844 nostris,
664 2772 800 2830 botberio
824 2774 853 2828 et
871 2769 1014 2830 Ludorico
1045 2770 1193 2842 Augustis,

127 2862 236 2919 mensis
251 2862 417 2922 Decembris
432 2862 478 2919 die
493 2862 607 2918 decima
619 2865 711 2932 sexta,
726 2860 885 2917 indictione
901 2859 944 2916 rt.

164 2953 221 3007 Leo
234 2951 394 3026 episcopus,
406 2967 503 3008 servus
523 2967 670 3008 servorum
697 2949 756 3007 liei.
772 2947 947 3021 Anastasius,
958 2947 1110 3022 presbyter
1130 2962 1193 3001 car-

126 3039 203 3098 dinis
227 3040 327 3109 nostri,
356 3056 444 3114 quem
465 3040 495 3096 in
513 3039 596 3097 titulo
615 3039 693 3096 beati
711 3038 836 3096 Marcelli
856 3035 1062 3104 ordinavimus,
1088 3033 1194 3107 quique

125 3129 263 3186 secedens
294 3129 330 3186 ab
355 3145 389 3184 eo
412 3128 450 3191 ad
476 3129 584 3186 alienas
610 3128 763 3203 parochias
785 3129 893 3201 absque
917 3128 1016 3182 nostra
1035 3122 1192 3198 pontificali

126 3218 248 3278 scientia
262 3217 441 3289 demigratus
458 3221 510 3290 est¹
527 3234 615 3290 quem
628 3234 682 3292 pcr
696 3216 799 3273 missos
816 3218 845 3270 et
865 3215 975 3271 litteras
989 3216 1100 3269 nostras
1114 3228 1195 3268 voca·

125 3306 230 3376 vimus,
247 3311 275 3363 et
288 3323 340 3380 pro
352 3323 408 3380 quo
424 3306 556 3366 dominos
571 3306 762 3379 imperatores
785 3303 938 3378 supplicati
952 3321 1004 3376 per
1017 3302 1119 3358 missos
1132 3318 1194 3357 nos·

124 3399 198 3467 tros,
213 3399 245 3452 ut
259 3412 326 3452 eum
341 3396 378 3452 ad
400 3413 483 3452 suam
503 3396 673 3469 parochiam
686 3395 783 3452 redire
797 3395 943 3468 juberent,
960 3387 1008 3465 qui
1030 3407 1107 3446 nunc
1126 3390 1192 3459 huc,

125 3501 205 3542 nunc
226 3485 294 3540 illuc
312 3484 454 3541 latitando
477 3484 508 3540 in
527 3485 591 3558 ipsa
609 3483 819 3556 demigratione
833 3501 885 3557 per
899 3481 1049 3538 biennium
1064 3483 1194 3534 moratus

126 3577 182 3646 est,
206 3577 235 3629 et
264 3574 301 3629 ad
322 3573 379 3630 dno
397 3576 514 3632 vocatus
528 3574 651 3630 concilia
665 3576 764 3629 nostra
781 3572 903 3630 minime
917 3570 1005 3640 venit,
1024 3571 1076 3626 sed
1099 3586 1194 3642 neque

125 3663 262 3718 inventus
278 3665 339 3732 est3
367 3662 445 3736 quia,
465 3667 497 3719 ut
519 3663 716 3736 praediximus,
741 3661 829 3718 veluti
851 3659 910 3718 ovis
931 3676 1031 3716 errans
1052 3657 1194 3715 extraneis

125 3751 295 3824 regionibus
308 3751 448 3808 suadente
464 3751 579 3809 diabolo
592 3752 702 3808 occulte
715 3749 905 3822 inhabitabat,
929 3748 1089 3806 secundum
1109 3764 1194 3804 cano-

161 3931 183 3980 l.
199 3927 327 3994 Epitomen
344 3943 399 3979 cum
417 3928 489 3993 hujus
505 3927 612 3993 concilii,
630 3935 684 3980 tum
702 3927 803 3979 duorum
818 3926 918 3978 aliorum
940 3925 1026 3976 Leonis
1044 3923 1078 3976 IV
1099 3930 1193 3989 tempo-

125 4009 195 4060 ribus
208 4009 352 4074 habitorum,
363 4015 436 4074 atque
445 4009 559 4060 Hadriani
570 4011 592 4060 ll
606 4011 735 4060 Decretum
746 4009 776 4059 ab
788 4009 917 4059 Hincmaro
928 4004 1039 4057 ilamensi
1048 3993 1193 4070 accepimus.

124 4091 198 4153 Nam,
213 4105 268 4139 eum
283 4089 334 4154 ipse
348 4089 483 4140 Hadrianus
494 4091 646 4140 dumtasium
658 4089 850 4150 condemnasset,
864 4088 909 4136 bas
927 4086 1078 4136 decessorum
1097 4100 1194 4135 suorum

126 4168 269 4234 epitomates
282 4169 414 4218 sententias
429 4168 468 4219 cui
482 4183 550 4218 suam
567 4169 712 4219 sententiam
723 4169 843 4231 junxerat,
860 4180 907 4216 uno
920 4164 982 4214 libro
1000 4163 1106 4227 collegit,
1121 4179 1194 4229 quem

127 4244 206 4299 iioma
226 4247 366 4298 arcessitum
388 4248 531 4298 Hincmarus
554 4247 579 4296 in
599 4263 654 4298 suos
678 4247 783 4298 Annales
801 4244 893 4296 retulit.
917 4244 1192 4309 v.1>ertz,88.,t.1,

129 4343 155 4393 p.
168 4330 283 4378 litere.
