2960 5052
291 489 321 536 20
713 479 934 540 PROOEMIUM

290 629 476 715 graviores
493 626 701 698 exstiterunt
716 626 759 696 de
776 623 1026 694 ecclesiastica
1041 623 1227 713 disciplina
1240 646 1359 713 quaes·

292 753 408 821 tiones
424 751 634 836 enodandae,
663 752 709 819 ad
738 751 918 819 Anastasii
944 750 1080 819 abbatis
1111 751 1359 821 consiliumet

293 877 476 946 sclentiam
490 876 699 945 recurrisse.
717 879 890 963 Namque,
911 883 949 945 ut
977 894 1023 944 ne
1052 894 1131 944 eam
1148 875 1358 964 disputatio-

293 1020 375 1068 nem
415 1000 609 1068 delibemus
652 1019 758 1088 quam
791 1001 834 1068 de
865 1001 934 1067 hoc
966 1004 1093 1087 postea
1122 999 1357 1069 introducturi

293 1123 446 1210 sumus¹,
469 1125 505 1193 id
524 1125 652 1212 ipsum,
675 1130 844 1211 quantum
865 1123 909 1191 ad
930 1143 1007 1192 rem
1029 1128 1246 1211 praesentem
1268 1124 1356 1194 satis

292 1254 358 1334 est,
370 1249 605 1318 certissimum
617 1249 788 1317 habemus
802 1266 846 1315 ex
857 1247 936 1335 ipsa
947 1247 1051 1315 istius
1064 1247 1199 1315 abbatis
1212 1249 1356 1316 confes·

292 1375 405 1444 sione.
421 1378 578 1444 Narrans
592 1373 684 1442 enim
697 1373 767 1454 ille,
784 1372 820 1440 in
838 1391 903 1441 suo
919 1372 1097 1441 Prooemio
1113 1372 1158 1440 ad
1179 1373 1356 1458 synodum

181 1486 183 1490 ’
291 1503 381 1584 VIII,
398 1499 514 1568 omnia
527 1519 607 1587 quae
623 1497 819 1586 apostolica
833 1497 943 1566 Sedes
957 1497 1000 1565 de
1015 1495 1190 1566 Photiano
1207 1497 1355 1566 discidio

292 1627 492 1707 censuerat,
508 1623 592 1710 quot
601 1621 750 1690 maxime
775 1622 916 1689 decreta
930 1627 964 1689 et
975 1621 1122 1707 litteras,
1136 1621 1172 1688 in
1181 1623 1250 1691 hac
1264 1623 1356 1690 cele·

291 1747 444 1816 berrima
464 1747 569 1834 hujus
584 1746 752 1835 temporis
768 1747 1023 1832 controversia,
1050 1747 1218 1816 Nicolaus
1232 1750 1354 1835 papaI

291 1892 356 1960 per
375 1891 487 1941 annos
502 1874 623 1960 plures
640 1871 829 1957 emisisset,
851 1889 890 1938 se
906 1870 1017 1939 fuisse
1033 1890 1105 1939 non
1120 1872 1234 1939 solum
1250 1871 1355 1940 comi-

291 2008 362 2071 tem
389 2001 482 2070 illius
512 2001 657 2085 laboris,
692 2000 757 2068 sed
782 1999 886 2087 quasi
916 1999 1041 2067 ducem
1068 2000 1255 2087 professus
1284 2005 1351 2084 est,

290 2127 446 2216 nihilque
467 2146 549 2194 esse
570 2127 646 2193 fere
666 2124 700 2191 in
723 2123 779 2192 his
803 2123 942 2212 scriptis
966 2124 1061 2211 quod
1081 2143 1152 2193 non
1172 2123 1352 2194 Nicolaol

292 2249 352 2340 (ait
379 2251 463 2317 item
486 2249 665 2317 Hadriano
690 2248 733 2334 II)
758 2248 801 2316 de
826 2268 890 2316 suo
918 2247 1205 2335 suppeditaverit.
1242 2247 1352 2334 Cujus

291 2372 539 2441 declarationis
555 2391 598 2441 eo
617 2371 731 2459 major
746 2378 801 2440 est
814 2373 904 2440 fides
917 2372 1011 2460 quod
1022 2372 1107 2440 illud
1122 2371 1350 2457 Prooemium,

293 2497 326 2564 in
342 2516 410 2583 quo
424 2497 504 2563 haec
519 2496 611 2565 dicta
634 2501 726 2582 sunt,
740 2497 920 2565 Hadriano
943 2516 1046 2585 papae
1070 2499 1102 2564 II
1127 2495 1350 2581 adscribitur,

292 2620 476 2709 ipsumque
493 2620 709 2707 pontificem,
728 2621 781 2689 rei
803 2622 893 2690 bene
914 2621 1111 2704 conscium,
1140 2621 1352 2689 Anastasius
1424 2671 1428 2676 -

292 2746 458 2815 hocloco
480 2745 528 2812 ita
552 2745 740 2833 compellat
764 2764 772 2813 :
805 2765 919 2813 «nam
942 2764 1034 2833 pene
1054 2744 1172 2813 omnia
1200 2765 1280 2835 quae
1307 2745 1353 2813 ad

289 2891 452 2958 praesens
467 2869 649 2957 negotium
663 2870 851 2958 pertinent,
869 2890 1021 2958 quaeque
1044 2889 1066 2937 a
1087 2869 1177 2938 Sede
1206 2859 1352 2958 a'posto-

289 2995 357 3062 lica
377 2995 485 3063 latino
512 3014 677 3064 sermone
700 2997 839 3083 prolata
862 3000 954 3080 sunt,
981 2994 1055 3062 sive
1082 3014 1162 3081 quae
1188 2994 1223 3061 in
1243 2993 1352 3080 hujus

290 3118 416 3204 synodi
436 3119 570 3204 codice,
598 3119 671 3188 sive
695 3139 776 3207 quae
804 3119 841 3187 in
872 3117 949 3187 aliis
978 3117 1212 3187 voluminibus
1239 3118 1353 3186 conti-

289 3247 427 3327 nentur,
444 3263 508 3329 epo
523 3245 669 3310 sommis
680 3245 914 3330 pontificibus
944 3244 1203 3325 obsecundans,
1231 3243 1354 3312 deces-

287 3367 363 3434 sori
376 3369 515 3435 scilicet
528 3373 647 3435 oestro
662 3386 707 3437 oc
721 3369 820 3435 cobis
835 3366 1017 3453 esposuit
1033 3393 1050 3429 »

333 3494 385 3558 Ex
403 3492 471 3558 hoc
490 3491 576 3558 illud
597 3499 653 3560 est
669 3499 790 3560 natum
805 3492 899 3579 quod
913 3491 1136 3576 Hincmarus,
1156 3490 1312 3578 acceptis
1329 3509 1353 3559 a

289 3615 435 3686 Nicolao
448 3615 893 3702 Ilitterisgravissimarum
903 3615 1017 3704 plenis
1034 3613 1350 3700 criminationum³,

289 3739 456 3828 optimum
475 3740 541 3807 sibi
560 3758 642 3807 esse
663 3740 794 3825 statuit,
815 3745 853 3808 ut
874 3759 955 3808 eum
974 3758 1132 3808 errorem
1154 3758 1256 3827 papae
1278 3739 1354 3808 eri-

287 3871 399 3952 peret,
418 3863 608 3932 Anastasio
629 3863 746 3932 abbati
763 3864 1008 3933 defensionem
1029 3884 1129 3933 suam
1155 3882 1352 3952 exponere.

317 4034 341 4082 l.
358 4033 389 4082 V.
402 4038 474 4097 caput
485 4043 520 4083 iv.

318 4113 342 4160 2.
359 4111 390 4162 V.
402 4112 519 4162 tractasti
535 4110 629 4161 abbatis
640 4116 665 4160 et
677 4109 850 4160 bibliothecarii
863 4112 1041 4175 Proefulionem
1052 4112 1079 4162 in
1091 4109 1220 4176 synodum
1233 4111 1354 4162 octauum

288 4189 390 4254 (trigue,
405 4198 424 4242 t.
439 4193 547 4258 CXXIX,
562 4210 589 4259 p.
608 4193 656 4256 tl).
667 4191 705 4242 Gi.
718 4195 826 4256 cuput1v
840 4191 910 4254 hujus
922 4192 985 4242 libri.

318 4273 341 4321 s.
360 4271 392 4320 V.
416 4272 505 4322 Niculsi
528 4277 538 4324 1
557 4272 697 4338 Epistulam
721 4271 757 4321 od
777 4271 939 4323 Hincmarum
962 4273 1064 4336 (iligna,
1085 4278 1104 4322 t.
1127 4272 1211 4334 CXIX,
1231 4285 1268 4334 ep.
1291 4272 1352 4334 l08,

284 4366 308 4416 p.
327 4353 384 4402 1101
402 4354 477 4415 1111)·
492 4353 530 4404 Cl.
546 4353 616 4414 inira,
632 4367 653 4402 c.
667 4367 691 4403 r.
