2954 5050
174 412 243 480 'itt
282 425 485 477 nnnsrnslt
507 422 696 474 INGXNIUM
723 424 767 474 EX
790 422 992 474 EPISTOLIS
1014 423 1175 474 Niconnl
1198 426 1208 473 1

199 577 319 657 potest,
351 588 408 656 per
436 566 648 635 Anastasium
675 587 741 634 non
771 565 900 634 stetisse
933 566 1016 653 quin
1049 565 1104 634 iila
1133 566 1209 634 odi'a
1241 575 1298 634 et

198 685 412 773 suspiciones,
432 702 503 768 quae
513 680 711 769 jampridem
732 681 818 748 inter
837 679 965 749 Graecos
986 691 1019 749 et
1032 679 1166 748 Latinos
1185 681 1298 750 insi-

199 806 390 880 nuaverant,
408 797 596 863 multotum
613 795 746 882 gravius
761 796 952 864 exarserint.

242 911 328 980 XII.r
343 911 410 978 Nec
426 910 597 998 verobona
612 911 692 1000 fides
705 920 737 978 et
745 911 879 998 simplex
889 910 1007 978 veritas
1021 910 1056 978 in
1071 910 1134 978 illis
1147 911 1281 980 litteris

199 1027 316 1108 nitent,
333 1033 428 1114 quas,
444 1025 479 1092 iu
501 1026 614 1094 eadem
635 1046 733 1094 causa
747 1024 920 1111 Photiana,
939 1046 1014 1093 cum
1029 1024 1099 1114 jam
1114 1025 1276 1094 Nicotaus

198 1141 331 1229 propius
357 1141 484 1210 abesset
507 1161 525 1208 a
552 1150 674 1227 morte,
701 1141 915 1229 Anastasius,
944 1141 1016 1230 ejus
1043 1141 1197 1228 nomine,
1226 1141 1271 1208 ad

197 1255 365 1324 universos
380 1253 491 1352 Gallia
506 1252 755 1342 Germaniaeque
770 1255 936 1342 episcopos
951 1255 1081 1343 scripsit
1094 1256 1116 1324 ¹.

244 1371 369 1438 Harum
382 1379 491 1438 autem
506 1370 690 1438 litterarum
705 1371 780 1438 finis
794 1382 862 1438 erat
876 1369 1101 1438 Occidentaics
1115 1371 1271 1439 ecclesias

197 1486 331 1554 edocere
341 1485 462 1574 quibus
475 1485 680 1552 contumeliis
689 1496 721 1553 et
730 1485 899 1553 Romanus
912 1484 1054 1573 pontifex
1068 1495 1101 1554 et
1115 1487 1270 1554 universa

197 1600 390 1668 Latinorum
411 1599 525 1687 religio
543 1621 562 1666 a
580 1598 772 1688 Byzantinis
799 1600 1019 1689 afficerentur,
1038 1612 1075 1674 ut
1096 1623 1155 1688 per
1176 1602 1270 1670 illam

198 1716 419 1784 narrationem
441 1713 610 1784 Gallorum
632 1713 939 1802 Germanorumque
953 1716 1135 1784 doctissimi
1150 1716 1210 1784 viri
1227 1717 1268 1784 ad

199 1831 422 1900 defendendas
436 1831 544 1898 cultus
565 1831 615 1898 sui
634 1829 773 1918 injurias
790 1831 1019 1917 incitarentur,
1037 1832 1193 1918 fieretque
1207 1830 1271 1898 Oo-

199 1946 411 2014 cidentalium
430 1946 640 2014 ecclesiarum
654 1945 808 2014 adversus
825 1944 952 2014 Grecos
969 1947 1064 2033 quasi
1082 1947 1269 2014 communis

198 2060 437 2150 oppugnatio².

233 2178 330 2259 ¹Quid
359 2179 466 2246 dicam
496 2176 716 2264 satisfecisse,
746 2178 786 2246 ad
815 2178 849 2245 id
883 2177 1144 2265 assequendum,
1180 2187 1266 2246 stare

199 2293 235 2361 in
255 2314 290 2362 re
311 2313 398 2380 vera,
416 2313 491 2361 cum
508 2291 681 2380 Byzantini
694 2293 854 2361 Romanis
877 2295 980 2362 muita
997 2292 1194 2381 objecissent
1208 2301 1265 2360 aut

199 2408 311 2475 minus
334 2416 433 2489 recte,
454 2416 511 2475 aut
537 2429 613 2476 cum
633 2409 775 2478 maxima
789 2409 1013 2478 contumelia?
1032 2409 1159 2478 'Verum
1177 2412 1265 2476 Ana·

199 2667 287 2721 υαυὸυα
298 2672 338 2722 τὸν
353 2672 450 2736 λέγοντα
469 2675 509 2723 τὸν
532 2673 628 2738 Ῥώμης
648 2675 778 2724 ἐπίσκοπον
791 2675 815 2724 ἐν
835 2675 924 2738 ἑκάστῃ
942 2673 1037 2736 συνόδῳ
1057 2673 1085 2722 τὸ
1101 2681 1172 2736 κῦρος
1192 2672 1264 2734 ἔχειν,

197 2753 239 2814 τῆς
258 2752 282 2802 ἐν
299 2753 387 2818 Νικαὶᾳ
411 2753 512 2804 συνόδου
536 2754 596 2804 εἶναι
614 2755 776 2818 ἀποφαίνεται.
796 2755 899 2819 (Miguc,
914 2756 943 2806 P.
959 2754 1001 2812 G..
1015 2759 1035 2803 t.
1052 2754 1117 2811 ClV,
1136 2767 1162 2816 p.
1183 2753 1264 2808 12211.)

198 2833 321 2884 Verumne
338 2835 369 2885 sit
384 2834 407 2883 id
423 2835 486 2899 qnod
504 2835 604 2883 Photius
619 2841 709 2902 narrat,
727 2835 788 2884 scitu
808 2833 905 2884 difficile
926 2841 972 2885 est.
987 2833 1057 2885 Illam
1071 2833 1167 2898 quidem
1181 2832 1265 2882 Felicis

200 2912 325 2976 epistolam
333 2914 475 2964 memorarit
482 2914 599 2975 Euagrius
609 2914 731 2977 (Historia
740 2913 941 2976 ecclesiasticud.
948 2914 993 2976 111,
1002 2929 1023 2964 c.
1034 2914 1180 2975 xx,Migne-,
1187 2913 1215 2962 P.
1224 2912 1264 2971 G.,

199 2998 218 3042 t.
231 2994 353 3045 LXXXVI
364 2995 388 3059 b,
399 3009 423 3060 p.
435 2994 516 3057 2631),
527 2993 567 3042 sed
578 2993 635 3058 quid
647 2994 670 3042 in
681 3009 710 3042 ea
720 2994 809 3044 inesset
818 3009 915 3058 prorsus
925 2994 1010 3043 tacuit.
1020 2995 1059 3044 Cf.
1071 2993 1140 3052 datie,
1153 2995 1265 3056 depecta,

200 3088 225 3121 n.
241 3075 296 3122 597.

233 3156 255 3201 1.
272 3153 304 3200 V.
314 3152 404 3201 Nicoiai
415 3154 496 3216 Epist.
506 3154 543 3202 ncl
551 3154 716 3204 Hincmcrcnr
724 3157 850 3204 etccteror
860 3155 935 3218 episc.
944 3155 971 3203 in
978 3169 1058 3218 reguo
1067 3153 1153 3204 Guroii
1164 3153 1265 3201 constit.

201 3230 296 3294 (Goicti,
317 3237 337 3280 t.
356 3232 398 3294 lX,
418 3247 442 3298 p.
465 3235 538 3286 itti:
555 3233 647 3296 Migne,
660 3240 679 3283 t.
694 3234 781 3293 CXIX,
796 3249 835 3298 ep.
850 3237 906 3296 152,
926 3249 950 3298 p.
972 3233 1052 3297 1152).
1072 3235 1108 3282 De
1127 3233 1164 3282 his
1182 3231 1267 3282 litteris

199 3312 296 3362 consule
310 3311 432 3360 Hinnmari
445 3312 566 3376 Annales,
585 3314 608 3362 in
620 3329 642 3362 a.
663 3316 708 3364 867
727 3314 816 3377 (Perta,
837 3315 894 3372 SS„
912 3321 931 3364 t.
946 3315 964 3376 i,
979 3329 1005 3378 p.
1019 3316 1112 3374 175-6).
1129 3315 1197 3364 lietu
1211 3317 1269 3360 suut

200 3391 225 3440 d.
244 3394 271 3441 111
294 3390 341 3442 kat.
360 3406 426 3454 nou,
445 3392 496 3441 ind.
517 3393 539 3446 it
560 3392 671 3443 Nicolaus
689 3393 770 3444 autem
790 3394 842 3442 idus
860 3393 994 3443 decembris
1017 3393 1126 3455 ejusdem
1145 3392 1200 3440 anni
1219 3393 1267 3440 fato

200 3472 295 3522 irrnetus
312 3479 348 3522 est
365 3473 498 3537 (Hinomari
514 3473 593 3536 Ano,
610 3474 680 3536 ibid,
692 3491 717 3537 p.
734 3476 795 3526 tid:
810 3474 879 3537 dade,
896 3490 920 3538 p.
935 3474 1001 3538 368).
1019 3472 1129 3524 Similem
1141 3471 1267 3537 epistolam

199 3559 342 3615 acceperunt
359 3553 464 3618 episcopi
477 3555 621 3604 Germaniae.
643 3557 673 3604 V.
694 3555 831 3604 rutilenses
842 3555 961 3615 Annales,
982 3569 1005 3603 n.
1023 3556 1068 3604 868
1089 3555 1178 3617 (Perta,
1197 3552 1267 3615 ibid,

201 3649 225 3697 p.
241 3633 308 3697 aon).

232 3717 255 3763 2.
275 3732 288 3760 u
299 3717 334 3764 ita
346 3721 372 3764 ut
382 3730 435 3764 curn
446 3730 520 3764 unum
529 3716 617 3779 pariter
632 3713 741 3778 idemque
754 3730 797 3764 uos
806 3715 887 3763 hostes
899 3715 990 3764 sentire
1001 3715 1158 3777 cognoverint
1170 3715 1266 3778 (Greci)

201 3808 245 3842 nen
264 3795 362 3857 injuriae
382 3811 396 3844 a
416 3811 441 3844 sa
460 3796 529 3844 uobis
549 3795 627 3844 illatas
645 3795 725 3843 ulcisci
754 3787 904 3844 solum'modo
925 3809 968 3844 nos
988 3796 1101 3844 affectare
1122 3794 1269 3844 mendaciter

200 3880 317 3938 astruant,
335 3876 449 3925 nimirum
464 3891 519 3924 curn
540 3874 653 3923 adversus
667 3887 692 3921 se
711 3874 902 3922 monomachiam
916 3874 1015 3935 aggredi
1033 3873 1209 3938 quodammodo
1226 3888 1269 3921 nos

202 3954 356 4005 intuentur...
379 3963 413 4006 rtn
426 3964 461 4020 ut,
475 3956 570 4007 Christo
584 3953 652 4014 duce,
669 3967 716 4001 una
729 3959 817 4016 mente,
830 3959 855 4002 et
868 3968 919 4016 ore,
936 3969 963 4002 ac
975 3954 1080 4018 brachio,
1096 3955 1165 4018 qnasi
1177 3955 1270 4002 strenui

200 4040 399 4098 propugnatores,
415 4036 546 4100 phalanges
561 4034 665 4083 hostiurn
678 4046 785 4096 premere
797 4047 825 4080 ac
836 4031 957 4082 debellare
971 4034 1091 4082 communi
1107 4033 1185 4082 studio
1200 4047 1269 4096 repe-

201 4112 298 4172 riamur,
313 4128 443 4180 eorumque
457 4116 615 4179 perniciosam
629 4113 767 4173 factionem,
783 4111 834 4174 ipso
848 4112 985 4174 auxiliante,
1006 4113 1070 4161 socia
1090 4112 1269 4162 concertatione

202 4189 310 4239 funditus
325 4192 481 4259 interrupisse
498 4197 708 4260 comperiamus.»
725 4190 813 4242 Nicolai
832 4192 915 4254 Epiri.
935 4193 970 4241 ud
983 4192 1150 4242 Hincmurrtm
1166 4193 1269 4257 (iiiique,

201 4278 218 4320 1.
233 4272 320 4332 CXIX,
338 4287 361 4335 p.
380 4276 460 4336 1160).
