3006 5050
258 473 303 538 166
348 469 551 522 ANASTASII
572 467 761 518 INGRNIUM
784 463 829 516 EX
851 465 1050 517 untsnotts
1071 466 1227 518 NIGOLAI
1250 465 1259 515 I

258 635 354 683 causa
377 616 412 682 in
435 612 605 688 Orientem
631 614 767 700 scriptas
791 611 906 699 fuisse,
927 631 1029 680 unam
1052 611 1185 698 quidem
1208 631 1272 698 qua
1292 611 1323 678 is

258 729 400 817 pontifex
410 730 627 797 Athanasium
640 729 738 797 sImuI
751 737 783 796 et
794 727 1010 815 Eusebianos,
1026 727 1194 796 Athanasii
1207 728 1324 796 adver-

259 847 374 933 sarios,
392 844 533 913 Romam
554 845 596 912 ad
618 844 782 932 judicium
806 853 988 927 vocaverat,
1016 845 1150 912 alteram
1173 863 1240 931 qua
1262 844 1322 912 soIi

259 959 455 1048 Eusebiani,
480 959 692 1028 Antiochiam
718 959 924 1047 congregati,
948 968 987 1026 ut
1010 958 1150 1026 Romam
1173 958 1323 1026 venirent

254 1074 469 1162 jubebantur.
487 1074 582 1155 Quod
596 1073 713 1142 attinet
722 1073 764 1142 ad
772 1075 998 1162 posteriorem,
1008 1094 1081 1161 quae
1091 1073 1197 1142 adhuc
1205 1083 1320 1157 exstat,

258 1209 363 1276 grace
386 1189 520 1277 quidem
543 1198 576 1258 et
599 1189 728 1276 integra
752 1190 789 1257 in
812 1189 966 1278 operibus
989 1189 1160 1257 Athanasii
1173 1189 1200 1277 ¹,'
1221 1189 1321 1256 latino

258 1325 334 1374 vero
353 1314 385 1372 et
403 1304 593 1373 summatim
610 1304 646 1371 in
659 1303 805 1372 Historia
819 1303 990 1395 tripartita
1012 1303 1194 1373 CassIodori
1205 1302 1233 1392 ²,
1253 1324 1322 1372 cer·

259 1431 331 1488 tum
355 1428 404 1488 est
424 1428 536 1487 notam
559 1419 649 1488 iIIam
671 1419 771 1488 fuisse
794 1420 981 1508 Anastasio,
1009 1420 1037 1488 si
1063 1441 1130 1487 non
1154 1439 1193 1488 cx
1216 1437 1321 1505 graeco

260 1535 447 1623 exemplari,
463 1544 496 1603 at
511 1545 597 1604 certe
610 1544 649 1604 ut
662 1545 732 1604 erat
744 1536 832 1624 apud
848 1535 1090 1604 Cassiodorum.
1113 1535 1162 1604 Ita
1183 1535 1273 1604 enim
1292 1535 1321 1602 is

260 1649 438 1739 epistolaris
458 1649 643 1737 pontificius
664 1649 706 1718 ad
729 1651 920 1720 Michaelem
942 1651 1171 1738 imperatorem
1194 1649 1329 1739 scripsit

260 1787 347 1834 anno
361 1767 450 1834 865:
471 1765 604 1834 «Porro
623 1786 666 1835 ne
687 1765 802 1834 dicatis
826 1788 886 1836 nos
906 1775 1023 1854 praeter
1048 1765 1198 1835 Ecclesira
1216 1768 1323 1854 Iegem

260 1882 438 1970 ignatium,
454 1882 504 1951 vel
516 1881 671 1949 Photium
683 1881 824 1951 Romam
837 1881 947 1951 venire
959 1881 1120 1971 sanxisse3
1136 1880 1250 1950 scitote
1264 1903 1325 1950 nos

261 1997 387 2086 antiqui
401 1997 502 2086 patris
512 2007 547 2066 ct
557 1996 801 2084 praedecessoris
813 1997 915 2065 nostri
929 1979 1009 2065 JuIii
1024 1997 1059 2064 in
1073 1998 1133 2064 hoc
1148 2015 1218 2066 esse
1232 2018 1326 2066 secu-

260 2123 309 2182 tos
321 2115 518 2201 exemplum,
530 2112 599 2201 qui,
605 2111 812 2203 justoquod
820 2111 857 2182 irc
868 2111 1074 2202 epistolosuo
1085 2112 1260 2201 reperitur,
1274 2113 1324 2181 his

261 2229 317 2314 qui
332 2237 551 2296 convenerant
569 2227 751 2296 Antiochia
771 2229 832 2296 hoc
852 2229 1042 2316 prooeptsse
1055 2226 1286 2314 dignoscitur³.
1301 2252 1321 2292 o

305 2343 400 2409 Prior
423 2352 534 2410 autem
553 2341 633 2410 Iulii
656 2343 801 2431 epistola,
817 2364 895 2430 qua,
910 2353 947 2410 ut
968 2343 1124 2429 diximus,
1144 2343 1324 2411 Eusebiani

262 2457 360 2524 simul
375 2466 406 2524 et
421 2457 634 2546 Athanasius,
648 2467 788 2545 utraque
807 2457 929 2526 scilicet
949 2479 1036 2546 pars,
1062 2458 1203 2526 Romam
1222 2459 1324 2528 vocati

262 2581 351 2654 sunt,
363 2593 552 2660 quanquam
562 2572 675 2642 Roma
687 2574 794 2642 seculo
809 2593 895 2642 nono
908 2595 975 2641 non
983 2573 1054 2662 jam
1066 2573 1324 2662 reperiebatur⁴,

262 2697 371 2756 tamen
396 2689 503 2776 aliqua
529 2710 567 2757 ox
591 2699 682 2776 parte
706 2689 857 2776 cognosci
885 2699 1022 2776 poterat,
1049 2699 1121 2758 tum
1147 2710 1184 2758 er
1208 2699 1325 2778 quarta

262 2802 486 2873 Pseudo-Iulii
513 2802 592 2872 falsa
620 2803 771 2871 decretali
782 2801 807 2891 ⁵,
837 2811 909 2870 tum
938 2824 975 2871 ox
1003 2803 1222 2892 Theodoreto,
1252 2814 1325 2873 tum

262 2919 360 2986 etiarn
375 2940 411 2988 ex
426 2918 628 3004 cassiodoro,
644 2919 700 3006 qui
714 2919 784 3006 ipse
798 2918 1038 2986 Theodoretum
1055 2919 1091 2986 io
1104 2939 1200 2987 suam
1213 2919 1325 2988 Histo-

220 3067 223 3073 ·
261 3033 345 3099 nam
371 3034 568 3121 tripartitam
599 3033 699 3100 latine
730 3031 914 3101 reddiderat
922 3031 948 3101 ⁰.
980 3033 1086 3121 Igitur
1110 3035 1245 3122 quaestio
1276 3045 1324 3104 cst

261 3127 374 3213 utrum
386 3147 592 3236 Anastasius,
616 3168 706 3234 cum,
729 3148 875 3216 scribens
897 3149 1010 3216 Carolo
1033 3146 1141 3237 Calvo,
1168 3171 1324 3219 convoca·

262 3261 386 3330 tionem
400 3263 570 3350 utriusque
587 3264 718 3350 partisa
737 3263 825 3330 Iulio
842 3262 857 3328 I
875 3262 992 3331 factam
1013 3267 1218 3353 memoravit,
1235 3267 1269 3334 id
1286 3287 1323 3334 er

262 3375 349 3444 falsis
363 3376 576 3445 decretalibus
591 3399 631 3444 an
645 3397 683 3446 cn
695 3377 897 3447 Theodoreto
910 3388 968 3446 aut
981 3377 1171 3448 Cassiodoro
1185 3382 1321 3450 eruerit.

262 3491 408 3560 Profecto
438 3492 627 3560 cumidem
655 3503 728 3580 post
757 3493 878 3580 aliquot
906 3513 1036 3563 menses
1062 3493 1102 3561 ad
1130 3493 1324 3565 Michaelem

293 3682 317 3728 I.
331 3677 457 3742 Apolopia
468 3678 558 3728 contra
569 3677 687 3738 Arianos,
702 3691 741 3741 ap.
754 3677 846 3740 Migne,
859 3679 888 3728 Ρ.
900 3677 941 3742 G,
956 3681 976 3728 t.
990 3679 1067 3743 XXV,
1081 3694 1105 3744 p.
1121 3682 1177 3742 281,
1190 3695 1245 3746 sqq.

292 3760 315 3808 2.
334 3758 389 3811 Lib.
405 3759 449 3821 IV,
464 3773 485 3807 c.
500 3769 543 3820 xv,
558 3756 650 3818 Rigas,
664 3756 696 3805 P.
710 3757 751 3817 6.,
765 3762 785 3806 t.
800 3758 886 3820 LXIX,
900 3772 924 3822 p.
939 3760 993 3808 963.

293 3839 317 3888 3.
334 3838 428 3903 MIgne,
443 3847 463 3889 t.
478 3838 563 3901 CXIX,
578 3853 604 3902 p.
619 3838 658 3898 86,
672 3849 711 3899 ep.
723 3837 782 3894 9553
798 3836 868 3898 Iade,
881 3853 907 3886 n.
918 3841 988 3889 2796.

293 3918 318 3966 t.
334 3919 386 3968 IIoc
399 3917 464 3967 enim
478 3923 515 3968 est
529 3916 662 3979 gratuitum
682 3913 744 3980 quod
761 3915 846 3966 asserit
860 3919 890 3966 A.
904 3916 983 3978 ThieI,
997 3918 1081 3980 fuisse,
1096 3917 1189 3970 Nicolai
1205 3921 1322 3984 tempori·

263 3993 317 4058 bus,
330 3996 390 4046 hanc
400 3998 525 4062 epistolam
533 3999 546 4048 J
550 3997 592 4047 ulii
605 3996 630 4046 in
639 3993 743 4044 archivis
753 3995 867 4044 Romanis
877 4004 1023 4048 asservatam
1039 4000 1087 4064 (op.
1097 3998 1153 4062 oia,
1162 4015 1188 4063 p.
1198 4002 1239 4064 et,
1250 4015 1276 4052 n.
1287 4001 1322 4066 t).

264 4073 333 4131 Quod
353 4076 372 4124 si
389 4077 423 4126 ita
439 4078 532 4140 fuisset,
552 4091 598 4126 non
620 4074 764 4137 inteIIIgitur
786 4087 829 4123 cur
846 4077 1001 4140 Anastasius,
1022 4084 1048 4128 ut
1068 4078 1140 4128 fidem
1157 4080 1247 4130 Iaceret
1267 4080 1321 4132 huic

262 4152 378 4217 epistola,
390 4161 477 4206 testem
490 4157 673 4220 Theodoretum,
686 4169 734 4206 nou
746 4154 825 4220 Ipsum
839 4156 960 4220 exemplar
971 4160 1104 4210 Romanum
1116 4159 1251 4212 adduxerit

294 4235 318 4282 5.
337 4235 473 4298 IIinschius,
488 4252 513 4301 p,
527 4239 581 4300 tet,
595 4240 650 4288 465.

295 4315 320 4363 6.
336 4311 368 4364 V.
385 4311 429 4362 Iib.
444 4315 486 4376 IV,
502 4329 522 4366 c.
539 4328 577 4380 vr,
587 4331 625 4380 ap.
642 4315 734 4380 Migoc,
748 4314 766 4366 I.
779 4329 813 4377 c.‚
828 4329 852 4379 p.
865 4316 920 4366 959.
