3006 5050
270 487 314 536 tas
354 484 559 536 ANASTASII
582 483 772 534 INGENlUM
795 482 839 534 EX
863 483 1064 536 urrsrotts
1086 483 1272 536 utcotntl

269 631 388 718 scripto
398 630 438 698 ad
448 629 669 711 Wenilcnem,
684 639 755 696 tum
769 629 868 696 etiarn
882 627 968 697 inira
977 627 1162 697 videbimus
1172 648 1236 716 quo
1246 648 1344 697 anno

268 745 356 814 falsae
374 745 549 813 decretales
570 746 715 832 primum
734 744 769 811 in
789 764 908 811 manus
925 743 1151 812 Romanorum
1170 745 1336 813 venerint.

312 859 425 947 Itaque
436 856 536 927 Gallis
550 858 829 944 interrogantibus
846 858 1041 945 respondere
1059 879 1109 926 res
1124 868 1193 927 erat
1205 857 1342 927 difficil-

267 975 346 1044 lima
361 995 397 1042 ac
419 977 530 1042 multae
550 974 721 1042 cautionis.
746 972 840 1054 Quod
862 973 889 1040 si
911 973 1106 1042 Anastasius
1127 972 1340 1062 impudenter

267 1089 473 1177 mentiretur,
499 1089 600 1176 quaeri
624 1088 664 1155 ab
688 1109 726 1156 eo
746 1097 873 1176 poterat
892 1108 952 1155 our
970 1087 1025 1156 illa
1040 1090 1246 1176 exemplaria,
1261 1110 1339 1178 quae

267 1225 366 1293 penes
393 1205 558 1272 Romanos
586 1203 754 1291 pontifices
785 1204 967 1290 antiquitus
999 1224 1069 1272 esse
1102 1204 1242 1291 dicebat,
1272 1225 1338 1273 nec

267 1321 296 1389 N
299 1323 396 1389 icolao
410 1320 591 1404 obtulisset,
605 1340 713 1406 neque
728 1319 768 1386 ad
784 1320 949 1408 episcopos
965 1316 1088 1406 Galliae,
1116 1319 1337 1407 quemadmo-

267 1438 347 1505 dum
361 1434 394 1502 id
411 1435 645 1521 postulabatur,
676 1433 849 1503 deferenda
870 1443 1026 1504 curasset.
1046 1435 1106 1501 Sin
1124 1455 1198 1503 vero
1215 1436 1337 1503 verita·

267 1561 334 1620 tem
355 1549 509 1619 fateretur
528 1549 686 1636 ingenue,
710 1558 841 1617 oausam
865 1549 964 1618 Gallis
988 1550 1142 1618 afferebat
1163 1559 1199 1616 ut
1219 1549 1337 1617 datum

265 1665 1337 1757 praeceptumaPseudo-Melchiadeperfringerent,sibique,more

267 1783 413 1869 antiquo,
437 1781 561 1870 judicia
585 1781 811 1868 episcoporum
832 1781 1046 1850 vindicarent.
1072 1780 1156 1849 Illud
1178 1792 1228 1849 est
1244 1782 1337 1850 enim

266 1895 514 1984 diligentissime
534 1895 788 1983 observandum,
804 1895 1013 1964 Wenilonem
1033 1895 1169 1984 ejusque
1193 1898 1336 1983 collegas

267 2012 395 2080 decreta
408 2010 596 2080 Melchiadis
609 2032 628 2078 a
642 2011 773 2078 Nicolao
785 2013 962 2098 postulasse
981 2033 1047 2079 non
1071 2011 1157 2099 quod
1180 2031 1218 2078 ea
1240 2011 1337 2079 adul-

234 2111 239 2122 ’
266 2131 373 2198 terina
396 2130 619 2197 existimarent
641 2127 779 2217 (nullam
800 2130 890 2196 enim
914 2129 1134 2216 suspicionem
1155 2128 1190 2194 in
1214 2131 1275 2196 hac
1299 2149 1338 2198 re

269 2244 554 2330 significaverant),
565 2243 621 2311 sed
635 2244 741 2330 potius
751 2244 786 2311 in
799 2245 859 2311 hac
870 2244 1064 2311 videbantur
1076 2263 1146 2311 esse
1157 2243 1335 2326 sententia,

266 2361 293 2426 si
315 2379 388 2445 quaa
407 2359 523 2425 litterae
542 2379 748 2427 summorum
767 2360 961 2446 pontificum
976 2359 1011 2426 in
1028 2358 1145 2425 Libros
1159 2360 1337 2428 canonicos

266 2494 332 2540 non
347 2482 455 2540 essent
469 2475 589 2560 relatae,
606 2474 639 2541 id
657 2476 771 2541 saltem
786 2483 946 2562 oportere,
963 2495 1028 2560 eas,
1043 2484 1081 2541 ut
1093 2474 1176 2560 legis
1186 2475 1337 2561 vigorem

265 2587 437 2673 haberant,
461 2599 637 2656 asservatas
657 2588 758 2657 fuisse
779 2590 814 2656 in
830 2589 958 2656 archivo
973 2589 1153 2676 apostolicae
1170 2589 1268 2657 sedis.
1285 2589 1337 2658 Ex

266 2724 331 2791 quo
358 2704 553 2789 intelligitur
580 2705 693 2790 quanti
721 2705 892 2772 interesset
917 2714 955 2772 ut
978 2705 1158 2773 nesciretur
1188 2725 1206 2771 a
1230 2703 1332 2774 Gallis

265 2820 435 2908 epistolam
450 2820 539 2886 illam
553 2819 739 2887 Melchiadis
755 2819 869 2887 Romae
889 2841 1054 2907 nusquam
1069 2820 1217 2907 reperiri.

309 2934 351 3002 Et
363 2956 440 3002 sane
454 2935 571 3002 imhoc
591 2934 800 3002 Anastasium
820 2954 854 3002 se
872 2936 1049 3022 prebuisse
1063 2935 1185 3017 insigni
1202 2935 1336 3003 solertia

265 3046 425 3116 fateamur
453 3069 583 3116 necesse
618 3059 677 3117 est.
722 3047 753 3116 Is
792 3050 882 3116 enim
916 3049 951 3116 in
978 3071 1015 3117 eo
1047 3051 1203 3136 rescripto
1243 3050 1333 3137 quod

265 3160 388 3228 Nicolai
413 3164 547 3230 nomine
573 3163 784 3252 connposuit¹,
811 3165 939 3251 lingens
964 3163 1175 3232 Wenilonem
1203 3163 1238 3232 in
1263 3164 1334 3232 suis

265 3275 381 3343 litteris
405 3277 487 3343 nihil
502 3276 541 3345 de
561 3278 689 3348 decreto
707 3279 896 3347 lllelobiadis
911 3280 1141 3366 interrogasse,
1162 3288 1335 3365 totumque

265 3390 364 3459 luisse
389 3391 425 3458 in
449 3393 646 3461 consulendo
665 3395 705 3462 de
731 3394 925 3463 Herimanni
953 3415 1063 3482 causa,
1085 3395 1199 3462 multis
1224 3393 1332 3462 verbis

264 3506 432 3593 explicavit
446 3527 510 3593 qua
529 3508 654 3576 ratione
675 3519 708 3578 et
731 3511 781 3577 via
795 3509 830 3576 in
851 3530 927 3576 eum
950 3511 1138 3598 episcopum
1155 3509 1334 3596 proceden-

265 3622 345 3690 dum
364 3631 469 3705 esset;
494 3643 707 3710 quaecumque
727 3623 810 3693 Galli
826 3624 979 3713 episcopi,
994 3624 1135 3694 breviter
1150 3623 1329 3710 narrando,

267 3757 331 3804 non
350 3737 561 3823 consulendo,
589 3738 797 3825 scripserant,
821 3738 861 3806 ad
881 3740 1018 3826 longum
1033 3761 1168 3807 examen
1183 3739 1329 3825 adduxit,

266 3852 363 3921 verba
373 3855 441 3941 ipsa
452 3853 624 3941 aliquando
638 3854 759 3941 retulit,
773 3854 933 3940 refutavit,
948 3857 1010 3922 alia
1025 3857 1111 3924 inter
1123 3877 1158 3924 se
1168 3875 1329 3943 pugnare,

266 3967 328 4034 alia
345 3988 411 4036 non
426 3968 503 4037 satis
514 3970 608 4036 firma
624 3988 694 4036 esse
705 3969 847 4036 ostendit
863 3991 872 4058 ;
902 3969 936 4036 id
957 3979 1068 4038 autem
1087 3970 1175 4058 quod
1190 3969 1331 4037 maxime

267 4081 447 4172 petebatur,
469 4083 721 4172 prudentissime
741 4082 927 4170 declinavit,
944 4085 1048 4173 deque
1079 4086 1223 4175 epistolis
1250 4083 1330 4152 Mel·

300 4343 323 4392 l.
342 4341 419 4400 Quam
431 4341 566 4406 epistolam,
580 4347 642 4395 inter
652 4346 802 4411 Appendices
814 4345 886 4409 hujus
900 4345 989 4412 operis,
1003 4361 1032 4397 ex
1045 4351 1096 4396 toto
1109 4345 1182 4396 edidi.
