2944 5060
339 492 493 545 ULTIMAE
515 494 719 547 anastasii
745 494 966 546 l'llthODlAE
1138 498 1183 548 285

115 653 156 702 se
179 635 430 722 reprehendere,
461 636 518 706 sed
544 637 742 725 praeteritam
771 637 973 706 occasionem
991 636 1112 726 videre,
1142 637 1183 708 de

116 769 187 837 qua
203 770 262 837 per
285 751 535 821 similitudinem
558 753 645 821 haud
662 753 772 842 inepte
788 753 852 822 dici
874 755 954 823 solet
972 753 1077 823 fronte
1094 754 1184 822 illam

117 885 192 933 esse
214 867 414 956 capillatam,
446 869 570 937 calvam
598 889 673 938 vcro
708 870 855 958 occipite,
886 879 924 938 ut
951 869 979 938 si
1006 870 1080 958 quis
1111 890 1184 939 eam

117 982 373 1068 praetermissam
396 1004 414 1051 a
434 993 525 1070 tergo
549 983 693 1074 arripere
711 985 861 1074 voluerit,
885 1005 1018 1054 omnem
1037 1005 1184 1075 operam,

117 1117 236 1165 omnes
248 1108 333 1166 artes
344 1098 534 1186 perdiderit.
550 1097 593 1169 Se
607 1109 716 1170 tamen
735 1109 865 1188 propter
878 1109 1071 1189 praesentem
1085 1101 1187 1172 bene·

119 1213 309 1301 volentiam,
323 1215 472 1302 quamvis
484 1217 552 1284 hec
563 1216 655 1284 tardo
668 1217 797 1285 incessu
812 1215 993 1303 accesserit,
1014 1215 1186 1284 Anastasio

117 1330 243 1417 gratias
274 1350 382 1418 agere,
407 1339 576 1419 propterea
605 1332 692 1420 quod
720 1332 900 1401 amicorum
925 1341 974 1400 est
998 1331 1125 1422 (videas
1150 1340 1187 1400 ut

120 1445 261 1533 scriptor
286 1446 388 1514 finem
413 1445 534 1515 iaciens
562 1449 688 1516 aculeos
709 1449 801 1536 quasi
830 1448 864 1516 in
889 1450 983 1537 plaga
1007 1447 1187 1537 relinquat)

118 1561 263 1648 gratiam
280 1582 345 1630 non
365 1561 503 1630 utilitate
519 1562 640 1650 metiri,
656 1563 713 1632 sed
732 1565 920 1633 animorum
934 1563 1078 1634 caritate.
1095 1587 1112 1630 c
1137 1563 1186 1634 lta

118 1676 258 1745 callidus
278 1697 297 1745 a
317 1677 446 1765 callide,
468 1677 733 1747 bibliothecarius
757 1678 924 1748 Romanus
946 1700 964 1746 a
991 1677 1102 1749 Gracc
1130 1701 1187 1769 pa·

118 1792 263 1861 triarcha
279 1793 509 1862 verecundiam
524 1796 606 1863 salse
621 1796 801 1883 meritoque
816 1794 948 1864 edoctus
967 1795 1047 1866 est¹.

166 1907 228 1978 IV.
246 1909 482 1979 Verumtamen
501 1907 696 1978 Photianam
710 1910 800 1978 illam
814 1910 954 1978 ironiam
975 1910 1187 1980 Anastasium

121 2024 234 2096 vivum
252 2025 409 2114 attigisse,
423 2038 550 2096 certum
572 2023 734 2095 affirmare
754 2047 821 2094 non
843 2026 960 2095 ausim.
984 2026 1066 2094 Nam
1087 2028 1113 2094 si
1131 2047 1187 2096 ve-

121 2163 199 2210 rum
214 2154 262 2210 est
284 2142 318 2209 id
337 2143 424 2230 quod
442 2143 601 2231 probabili
621 2141 807 2231 conjectura
823 2163 1016 2230 consequor,
1031 2140 1187 2212 Photium

120 2260 207 2326 hanc
218 2256 386 2345 epistolam
397 2258 621 2328 Sartabarenc
631 2255 996 2347 commisisse²,femosc
1006 2258 1052 2328 illi
1062 2257 1185 2347 abbati,¹

121 2537 203 2583 tutum
217 2534 300 2598 fuisse,
313 2535 337 2586 id
351 2540 396 2599 est,
409 2535 524 2587 Hadriani
536 2551 602 2602 papa
616 2537 635 2585 ll
647 2542 689 2586 aut
699 2535 815 2586 lobannis
826 2535 885 2588 Vlll
902 2535 1060 2600 temporibus.
1074 2535 1122 2587 Sed
1132 2547 1189 2586 cont

121 2614 324 2665 Bibliotheearius
338 2617 369 2666 ad
387 2625 523 2668 extromum
536 2633 613 2682 usque
627 2617 791 2682 pontificatum
805 2617 920 2666 Hadriani
936 2617 956 2666 ll
972 2616 1086 2667 Photium
1107 2617 1187 2667 infen-

122 2696 247 2744 sissimum
259 2697 408 2758 gravissimis
420 2698 570 2749 contumeliis
582 2713 680 2748 onerare
694 2697 882 2761 perseveraverit
898 2697 931 2762 (v.
945 2697 1063 2747 Anastasii
1080 2698 1187 2762 Proser.

123 2779 150 2827 tn
169 2778 296 2840 synodum
317 2778 380 2842 Vlll,
402 2793 441 2843 ap.
456 2780 551 2841 Migue,
572 2786 590 2829 t.
608 2779 717 2842 CXXIX,
737 2794 762 2843 p.
780 2780 829 2842 to),
852 2785 926 2828 restat
945 2784 981 2840 ut,
1003 2778 1111 2828 iohanne
1129 2780 1188 2830 VllI

122 2857 247 2922 pontifice,
263 2858 313 2907 hoc
331 2860 433 2909 mutatio
447 2860 510 2909 iacta
524 2859 564 2922 sit,
579 2875 635 2909 cum
656 2859 754 2921 scilicet,
773 2858 926 2922 mulsimus,
942 2858 1044 2908 Romani
1060 2861 1090 2908 de
1103 2857 1188 2908 Photio

124 2935 149 2986 in
165 2938 247 2988 sedem
262 2939 419 3003 Byzantinam
434 2939 569 2990 reducendo
583 2940 689 3003 cogitare
702 2946 825 3005 coeperunt
841 2954 903 2988 enno
915 2937 1009 2989 circiter
1023 2938 1077 2988 stt.

156 3022 181 3068 t.
195 3019 323 3083 Batonius,
334 3020 373 3070 cui
388 3020 495 3085 quidem,
505 3035 560 3072 cum
572 3021 603 3071 de
614 3021 699 3072 Photio
708 3026 829 3083 ageretur,
842 3035 885 3070 nec
898 3025 950 3070 erat
959 3017 1020 3068 liber
1029 3017 1131 3081 animus,
1144 3032 1188 3068 nec

122 3097 245 3162 judicandi
266 3100 426 3165 aequabilitas,
453 3101 514 3151 banc
537 3101 644 3151 fabulam
666 3101 696 3151 ati
714 3100 873 3151 excusandum
885 3097 1041 3150 anastasium
1055 3097 1187 3147 confinxit:

123 3177 333 3230 bibliothecarium
352 3195 439 3246 nempe
455 3183 589 3233 Romanum
609 3197 657 3231 non
679 3182 756 3246 ipsum
772 3180 875 3245 priorem
888 3194 943 3230 cum
956 3179 1041 3230 Photio
1055 3178 1188 3228 eommuni-

122 3272 200 3321 casse,
215 3260 257 3310 sed
270 3260 395 3325 deceptum
409 3277 461 3312 esse
475 3263 505 3312 ab
519 3262 563 3312 isto
577 3262 720 3327 patriarcha,
737 3262 787 3326 qui,
803 3267 830 3310 ut
844 3261 976 3310 Baroniana
989 3259 1061 3310 rerba
1075 3258 1203 3323 referam,¹

122 3360 137 3385 «
153 3339 225 3388 homo
242 3339 342 3390 callidus
364 3348 389 3391 et
409 3348 537 3406 veterator,
552 3342 721 3392 consuetudine
741 3341 875 3390 litterarum
893 3340 974 3404 aliqua
992 3355 1047 3390 cum
1066 3339 1188 3389 Anastasio

123 3418 305 3471 bibliothecario
318 3423 430 3472 Romanae
449 3422 512 3473 sedis
529 3423 646 3472 contraxit
663 3422 857 3484 familiaritatem,
878 3436 951 3486 quem
971 3419 1034 3485 apud
1054 3419 1188 3470 Jobannem

122 3500 268 3551 Pontificem
279 3502 407 3566 plurimum
422 3517 492 3568 possa
506 3502 578 3552 sciret
591 3521 614 3553 n.
630 3502 761 3567 (Annales,
776 3517 799 3551 a.
814 3504 868 3566 stt,
882 3517 907 3552 n.
923 3503 996 3563 vtn.)
1012 3500 1081 3561 Quod
1093 3499 1189 3550 Baronii

123 3587 291 3631 commentum
305 3584 448 3634 recentiores
462 3582 561 3648 quidam
577 3583 683 3632 historici
702 3583 868 3647 imprudenter
883 3581 958 3632 secuti
975 3587 1031 3631 suot
1044 3582 1077 3646 (v,
1094 3578 1189 3642 Helela,

123 3661 236 3712 Histoire
255 3661 298 3712 des
319 3663 433 3727 concites,
454 3669 472 3714 t.
495 3664 538 3728 Vl,
561 3678 585 3728 p.
609 3665 635 3716 8:
656 3663 738 3726 leger,
760 3664 871 3714 Histoire
891 3663 923 3713 de
943 3662 1057 3725 Pltott'us,
1081 3676 1106 3726 p.
1121 3659 1188 3723 att),

122 3756 265 3808 quanquam
278 3741 324 3792 itte
338 3744 442 3808 epistolas
458 3759 517 3809 ques
530 3745 625 3805 tingunt
638 3759 755 3808 nusquam
770 3744 926 3808 reperiantur,
941 3758 969 3793 er
983 3743 1028 3792 hac
1041 3747 1123 3791 autem
1136 3754 1189 3804 que

122 3827 204 3872 exstat
218 3821 417 3874 adhucPhctium
431 3839 478 3875 non
494 3824 555 3874 ultro
570 3824 700 3889 scripsisse,
716 3823 757 3874 sed
771 3824 919 3887 rescripsisse
933 3828 1021 3887 pateat.
1032 3823 1113 3886 Atque
1124 3817 1189 3884 apud

122 3919 167 3955 eos
177 3910 285 3954 auctores
301 3911 368 3954 tanta
380 3912 417 3955 est
426 3906 497 3968 hujus
510 3905 615 3954 historia
624 3904 780 3968 perturbatio,
791 3909 818 3953 ut
827 3903 979 3953 Anastasium
988 3902 1114 3966 opinentur
1125 3899 1187 3949 ami-

123 3985 209 4035 citiam
226 3999 281 4034 cum
296 3986 380 4035 Photio
396 3986 503 4048 junxisse
523 3985 580 4034 dum
600 3984 692 4047 legatus
706 3984 746 4034 ille
758 3983 889 4034 llludovvici
905 3982 1056 4046 imperatoris
1069 3982 1188 4032 Constan-

124 4065 227 4128 tinopoli
241 4066 380 4116 versabatur
394 4066 428 4130 (v.
444 4067 538 4130 Helela,
559 4065 575 4115 l.
594 4066 635 4130 c).
653 4068 684 4115 Et
703 4080 746 4114 nos
763 4064 867 4114 vidimus
882 4069 910 4112 ut
923 4068 975 4111 tum
991 4061 1188 4111 bibliothecarius

124 4145 213 4197 Photio
230 4146 388 4196 condemnato
411 4147 513 4197 inlectus
535 4145 621 4206 tuerit,
641 4153 667 4196 ut
688 4145 751 4195 illius
773 4143 868 4208 odium,
885 4157 934 4193 non
951 4141 1082 4191 amicitiam
1095 4156 1190 4206 compa·

124 4226 226 4276 randam
240 4227 371 4277 curaverit!

158 4309 182 4356 2.
199 4307 294 4357 Primus
313 4313 349 4357 ast
362 4307 426 4358 enim
451 4308 628 4360 santabarenus
642 4307 691 4372 qui,
706 4311 760 4371 post
779 4310 900 4370 receptam
920 4303 1038 4355 anastasii
1054 4301 1189 4368 epistolam,

126 4385 229 4438 Romam
245 4402 260 4438 a
274 4388 360 4439 Photio
373 4388 474 4440 venerit.
484 4390 515 4441 V.
528 4388 562 4439 Le
573 4402 639 4453 pope
651 4389 776 4450 Formosa,
791 4392 852 4451 part.
867 4387 898 4450 ll,
914 4400 936 4436 c.
946 4397 987 4436 111.
