2944 5060
515 448 710 500 sensnum
736 449 851 501 ealon
1168 433 1212 496 ari

150 591 322 646 convenerat
339 587 565 645 sanctimonium
583 594 711 648 vestrum
732 591 889 662 sublevare,
909 607 997 663 quam
1019 589 1133 662 pondus
1154 587 1215 661 ejus

147 677 269 752 ponderi
282 677 485 750 superaddere,
500 678 706 752 caritatemque
721 677 750 736 in
768 698 802 737 eo
818 681 988 737 conllrmare
1003 677 1109 750 potius,
1123 695 1213 751 quam

148 767 177 823 ei
190 765 304 840 pietatis
318 765 426 823 viscera
441 767 584 824 obserare.
601 769 734 826 indicatis
750 765 866 825 autemi
886 767 970 824 illum
989 785 1075 840 super
1095 765 1213 839 quibus·

148 856 219 911 dam
240 855 398 911 excessibus
415 855 504 912 luisse
523 856 689 930 frequenter
709 861 884 914 accusatum.
899 856 953 914 Pro
970 857 1080 930 quibus,
1095 855 1163 930 quia
1179 873 1215 912 ex

146 947 231 1018 parte
244 943 333 1018 ipsius
347 961 470 1017 persona
485 945 573 1013 deest,
587 963 639 1001 nos
653 945 703 1001 uni
716 945 792 1018 parti
807 946 843 1003 ad
856 946 973 1002 alterius
985 945 1139 1001 discrimen
1154 961 1216 1000 cre-

148 1030 238 1089 dere³
250 1033 351 1105 procul
366 1032 529 1090 dubio-non
548 1050 711 1106 possumus,
728 1036 858 1108 quamvis
876 1053 929 1091 nec
949 1051 1037 1108 usque
1058 1033 1152 1089 adhuc
1167 1032 1217 1106 qui

146 1121 257 1178 fuerint
278 1109 321 1177 illi
345 1139 476 1178 excessus
498 1122 640 1193 dixeritis,
661 1140 713 1179 nec
732 1128 830 1179 utrum
849 1141 920 1180 sana
940 1126 1003 1179 erat
1021 1125 1118 1178 mente
1135 1121 1215 1177 idem

147 1209 278 1280 antistes,
292 1227 392 1279 necne,
405 1228 471 1267 cum
486 1210 562 1284 ipsos
572 1229 704 1268 excessus
714 1213 911 1286 perpetrabat,
923 1211 1070 1268 evidenter
1082 1210 1217 1266 ostende·

145 1299 244 1370 ritis³;
266 1299 413 1372 satiusque
434 1299 617 1370 arbitramur,
642 1302 801 1374 quamlibet
824 1299 943 1357 interim
964 1299 1163 1356 infirmitatem
1178 1300 1216 1355 ad

146 1388 505 1462 poenampeccati,quam
524 1388 672 1462 adipsum
694 1389 838 1462 pertinere
864 1393 1026 1462 peccatum,
1050 1389 1095 1445 cui
1120 1388 1216 1460 magis

147 1478 356 1534 consulendum
368 1475 414 1548 sil,
430 1480 458 1532 et
472 1475 716 1550 compatiendum,
738 1495 825 1552 quam
844 1474 1034 1550 puniendum,
1053 1476 1097 1533 rel
1118 1477 1215 1550 aliquo

146 1567 238 1623 modo
251 1563 424 1622 feriendum.
438 1565 605 1622 Admonitio
623 1570 775 1639 praeterea,
795 1566 839 1622 vel
862 1563 1012 1623 conventio
1030 1563 1216 1622 beatitudinis

147 1658 261 1726 vestrm,
277 1672 366 1728 quam
381 1654 408 1711 ei
421 1654 520 1711 fecisse
533 1672 582 1710 vos
596 1653 765 1728 perhibetis,
785 1657 869 1712 valde
888 1656 999 1728 placet:
1021 1655 1044 1710 si
1063 1659 1162 1712 tamen
1180 1671 1215 1711 ex

147 1743 270 1801 caritate
293 1761 351 1800 non
372 1745 449 1814 licta,
471 1743 522 1800 sed
542 1761 577 1800 ex
598 1745 721 1818 simplici
745 1745 850 1801 mentis
870 1745 952 1802 oculo
971 1743 1079 1816 prodiit
1093 1743 1124 1799 id
1139 1743 1215 1816 quod

147 1850 235 1890 suave
250 1837 277 1889 et
290 1831 372 1888 dulce
387 1833 415 1888 ia
432 1833 548 1889 auribus
565 1833 669 1888 nostris
688 1835 794 1903 sonuit,
810 1834 854 1888 rel
868 1835 891 1889 si
909 1850 1008 1889 coram
1020 1832 1126 1888 summi
1141 1833 1216 1888 arbi·

145 1919 209 1977 tri⁴
223 1921 313 1978 oculis
327 1921 368 1977 ita
382 1921 498 1994 placuit,
515 1921 761 1995 quemadmodum
779 1926 846 1978 ante
865 1921 1017 1978 hominum
1035 1921 1122 1993 risus,
1138 1917 1216 1993 quod

146 2011 264 2084 placere
276 2007 312 2066 sit
322 2009 391 2066 satis
406 2011 575 2084 abundeque
592 2011 774 2084 conspicitur.
796 2013 935 2085 Optamus
955 2009 1136 2066 sanctitatem
1153 2026 1215 2065 ves-

146 2102 227 2156 tram
239 2097 270 2155 in
285 2087 396 2156 Christo
409 2100 482 2155 bene
495 2099 602 2157 valere.

189 2270 320 2332 Nmomu
340 2289 382 2332 AD
403 2289 575 2333 onwnnaos
598 2273 785 2333 GALLIARUM
805 2253 969 2332 ierlscoros
990 2263 1173 2333 nrtsrom5.

187 2429 320 2486 Nicotaus
335 2429 496 2502 episcopus,
511 2446 609 2487 servus
617 2446 767 2486 servorum
778 2430 839 2502 oei,
850 2429 1087 2486 reverentissimis
1097 2432 1216 2486 ateana-

148 2517 268 2574 tissimis
278 2518 468 2575 confratribus
478 2519 584 2576 nostris
596 2518 819 2592 archiepiscopis
831 2522 860 2575 et
871 2519 1012 2592 episcopis
1023 2519 1100 2592 apud
1112 2519 1217 2576 Gallias

147 2608 318 2664 constitutis.

185 2697 321 2762 Quamvis
346 2697 526 2769 singularum
552 2697 759 2766 Ecclesiarum,
789 2715 852 2772 quae
878 2699 996 2770 propter
1020 2697 1216 2754 diversitatem

148 2793 296 2844 terrarum
314 2787 411 2844 multae
426 2803 486 2842 esse
508 2786 651 2855 dicuntur,
675 2800 740 2841 cum
759 2804 816 2842 una
831 2787 867 2841 sit
881 2791 910 2842 et
925 2786 1010 2840 unica
1025 2786 1134 2859 Sponsa
1152 2804 1215 2854 suo,

151 2874 296 2947 sicutipse
311 2874 340 2929 in
353 2875 475 2931 Canticis
489 2875 667 2930 canticorum
682 2874 767 2931 dicit:
784 2891 841 2931 uno
853 2879 893 2930 est
904 2875 1032 2932 Columbo
1041 2891 1111 2943 mco,
1121 2878 1151 2930 et
1163 2883 1217 2948 per

148 2963 330 3021 Psalmistam
343 2982 350 3018 ε
364 2966 436 3019 Erue
450 2964 483 3019 de
496 2979 581 3018 mono
600 2965 675 3019 eoois
692 2966 801 3020 unicum
819 2979 919 3032 meam,
940 2966 1038 3034 pastor
1058 2966 1087 3019 et
1108 2963 1217 3034 episco-

149 3071 213 3126 pus,
231 3068 264 3107 ac
279 3051 409 3124 pontifex
422 3052 562 3108 Dominus
576 3055 674 3108 noster
686 3053 767 3108 Jesus
786 3053 923 3121 Christus,
946 3051 995 3124 qui
1013 3051 1088 3107 hanc
1109 3052 1217 3107 creavit
1288 3117 1291 3122 ¹
1391 3125 1396 3136 ’

150 3146 180 3199 et
192 3140 328 3210 redemit,
345 3141 462 3196 existat:
480 3140 521 3197 ita
533 3143 565 3195 ut
579 3140 626 3195 ille
641 3141 781 3196 veraciter
793 3158 826 3195 ac
839 3139 1035 3212 principaliter
1046 3140 1100 3195 ista
1111 3139 1147 3195 sit
1155 3155 1216 3195 om·

149 3235 208 3303 nia,
218 3236 299 3308 juxta
314 3234 392 3307 quod
409 3233 541 3289 fidelibus
559 3249 612 3305 per
628 3233 755 3305 primum
771 3234 934 3306 apostolum
948 3232 1070 3288 dicitur:
1089 3233 1219 3290 Conversi

149 3327 214 3380 estis
229 3339 300 3380 nanc
314 3325 351 3379 ad
362 3327 501 3394 pastorem
513 3327 538 3378 et
554 3323 708 3394 episcopum
726 3324 881 3378 animorum
897 3326 1064 3391 uestrarum,
1085 3325 1114 3377 et
1132 3323 1215 3394 juxta

181 3511 205 3560 t.
217 3507 264 3558 Vir
275 3522 303 3557 ao
313 3522 343 3558 ne
356 3507 503 3572 aliquidem
516 3506 664 3557 indicaverat
676 3506 782 3570 Wenilo,
798 3521 854 3558 com
873 3507 932 3557 illud
951 3527 963 3553 n
976 3508 1115 3572 frequenter
1131 3507 1214 3556 admo-

51 3613 54 3619 ·
148 3589 213 3638 ultus
227 3605 240 3637 a
264 3588 327 3654 quod
344 3587 446 3652 dixerat,
459 3602 473 3636 a
489 3587 606 3652 scriptore
618 3587 741 3651 pontificio
753 3594 872 3638 motatum
887 3588 920 3637 sit
934 3587 959 3636 in
970 3605 984 3636 «
996 3588 1134 3652 frequenter
1143 3602 1214 3638 acco·

148 3667 229 3719 satum
240 3684 265 3718 r.
281 3670 315 3718 At
331 3669 366 3718 ite
378 3673 431 3717 erat
444 3667 573 3717 Anastasio
584 3666 615 3716 ab
630 3666 733 3732 eoquod
747 3668 899 3732 querebatur
912 3667 1061 3730 digrediendi
1075 3667 1148 3720 locus.

181 3751 208 3798 2.
225 3747 332 3811 Cedere,
346 3753 386 3812 ap.
402 3747 525 3796 coustant.

179 3829 203 3878 3.
222 3829 250 3878 ln
262 3824 301 3877 his
315 3822 426 3876 omnibus
442 3830 543 3891 apparet
558 3821 618 3875 illud
632 3825 752 3876 refutandi
769 3833 845 3889 genos
858 3832 932 3898 atque
945 3826 1060 3890 sollertia,
1072 3841 1145 3892 qoam
1158 3841 1215 3892 pro-

148 3907 228 3972 priam
240 3907 315 3956 luisse
330 3905 456 3956 Anastasio
470 3906 653 3955 monstravimus
664 3909 699 3970 (p.
713 3906 759 3956 115
771 3913 848 3971 sqq).

181 3989 204 4038 l.
223 3985 344 4049 ArbitriS,
357 4001 397 4050 ap.
412 3986 537 4036 Constant.
1075 4051 1078 4060 ὁ

180 4071 204 4117 5.
221 4066 313 4130 Migne,
328 4072 346 4115 t.
363 4067 448 4130 cxlx,
464 4079 503 4129 ep.
516 4065 556 4128 75,
570 4076 595 4130 p.
611 4061 670 4128 sem
684 4064 770 4130 Coletl,
788 4069 807 4116 t.
822 4064 853 4128 X,
864 4079 889 4130 p.
897 4066 953 4117 280.
968 4067 1005 4117 el.
1020 4063 1090 4126 lam,
1102 4080 1127 4115 n.
1137 4069 1214 4130 27853

148 4145 272 4198 Analecta
294 4147 365 4210 juris
387 4145 527 4210 pontificii,
551 4159 596 4196 ser.
618 4147 649 4209 X,
665 4145 684 4194 t.
697 4142 730 4209 V,
752 4149 813 4210 part.
830 4145 867 4209 2⁸,
888 4161 913 4211 p.
932 4147 971 4196 91.
993 4147 1070 4206 Quam
1090 4147 1215 4210 epistolam

148 4229 295 4279 Hincmaros
314 4225 480 4276 laudunensis
504 4223 629 4290 descripsit
649 4226 674 4274 in
697 4225 822 4289 Respooso
844 4225 881 4275 ad
904 4225 948 4276 LV
970 4227 1056 4292 capito
1081 4227 1215 4278 Hiucmarz
1279 4222 1281 4229 ’

150 4306 281 4359 lemensis
296 4305 429 4372 (sirmond,
445 4306 578 4357 Hibernae
593 4318 680 4371 opero,
695 4307 714 4359 t.
727 4304 760 4368 ll,
775 4321 799 4370 p.
813 4307 858 4357 625
872 4306 947 4371 sqq).
