2944 5060
268 421 313 472 266
486 417 638 470 UL'IIMAE
660 416 864 468 tuasrasll
889 415 1112 467 PALINODIAE

268 564 483 632 flincmarum
517 563 606 630 enim
636 561 803 650 juniorem
840 561 915 648 jure
948 561 1130 648 meritoque
1177 561 1316 630 condem·

267 689 383 748 natum
403 687 499 766 etque
515 678 671 765 dignitate
693 677 855 764 dejectum
876 675 1038 764 protessus
1064 687 1129 764 est,
1157 676 1311 765 jussitque

267 804 304 863 ut
336 795 372 861 in
407 793 517 862 sedem
544 793 797 862 laudunensem
832 793 914 861 ali-us
952 793 1119 880 episcopus
1150 793 1220 862 sine
1253 795 1310 861 ulla

266 909 470 978 cunctatione
485 918 667 977 sacraretur
682 909 704 976 ¹.

310 1025 404 1107 Quod
418 1025 550 1113 quidem
564 1025 728 1093 lohannes
745 1023 835 1111 VIII,
852 1026 908 1112 qui
929 1026 1045 1112 prioris
1066 1025 1237 1094 sententie
1251 1047 1316 1115 par·

266 1143 365 1230 ticeps
380 1162 446 1208 non
459 1139 575 1227 iuerat,
595 1140 630 1208 in
654 1141 750 1208 aliam
765 1140 892 1228 abierit,
913 1144 973 1210 hoc
989 1162 1049 1211 nec
1063 1141 1152 1209 laudi
1173 1162 1232 1212 nec
1254 1144 1312 1210 cri·

265 1257 348 1326 mini
367 1257 444 1325 dere
457 1259 540 1344 volo,
557 1257 705 1344 quamvis
718 1258 754 1323 in
769 1277 806 1324 ea
827 1258 959 1344 epistola
982 1278 1081 1344 qnam
1101 1279 1186 1347 papa
1206 1259 1246 1326 de
1259 1261 1315 1326 hoc

266 1372 472 1443 scribendam
492 1372 627 1459 curavit,
649 1373 853 1460 imperatoris
874 1375 953 1440 fides
968 1374 1101 1442 effusius
1116 1374 1248 1442 laudale
1272 1376 1316 1444 vi-

265 1486 414 1558 deatur².
427 1488 554 1557 Verum
565 1508 653 1576 vero,
665 1490 693 1556 si
708 1489 850 1577 quishac
863 1488 898 1556 in
915 1510 950 1557 re
963 1489 1174 1557 verecundari
1192 1490 1314 1577 debuit,

265 1606 318 1674 hic
339 1614 408 1673 erat
420 1604 683 1673 bibliothecarius
697 1606 754 1693 qui
773 1625 839 1672 noc
854 1606 899 1672 ita
913 1605 1055 1694 pridem,
1071 1614 1108 1672 ut
1122 1607 1193 1693 regi
1215 1606 1316 1675 Fran-

266 1742 379 1790 corum
403 1719 658 1788 Occidentalium
686 1721 849 1789 molestias
875 1719 1022 1810 inferret,
1050 1722 1255 1790 occasionem
1282 1743 1316 1792 er

266 1837 380 1907 eodem
389 1837 444 1903 illo
449 1835 574 1924 judicio
584 1835 768 1904 avidissime
780 1846 944 1925 rapuerat.
955 1836 996 1905 Et
1006 1846 1116 1906 tamen
1126 1840 1185 1906 has
1196 1847 1317 1926 aposto·

265 1954 342 2021 licas
356 1953 492 2035 litteras,
509 1953 628 2040 quibus
647 1951 807 2020 Iohannis
821 1951 897 2021 VIII
912 1955 1072 2021 sententia
1090 1975 1166 2022 cum
1188 1955 1324 2022 summis

268 2067 355 2137 Calvi
369 2068 519 2136 laudibus
532 2069 770 2156 continebatur,
786 2068 855 2156 ipse
869 2070 1063 2137 Anastasius
1078 2071 1275 2158 composuit,
1290 2082 1322 2137 at

268 2194 353 2253 certe
363 2183 833 2253 adHincmarumRemensem
842 2184 991 2253 ferendas
1001 2185 1102 2253 dedit.
1113 2185 1197 2253 Nam
1208 2186 1244 2253 in
1254 2186 1325 2274 ejus

268 2301 408 2388 epistola
422 2301 595 2387 exemplari
605 2301 691 2387 quod
702 2302 787 2388 typis
798 2321 985 2389 expressum
996 2300 1061 2370 est³
1071 2303 1138 2369 haec
1147 2303 1325 2388 leguntur:

272 2439 289 2480 n
311 2419 399 2482 Data
435 2419 617 2484 esthamoe
644 2415 851 2504 Theoderico,
866 2416 966 2506 jasen
987 2439 1088 2507 papae
1102 2417 1266 2485 lobannis
1294 2429 1325 2484 et

268 2530 383 2598 domni
400 2531 515 2600 Caroli
526 2533 607 2628 novi
627 2532 847 2623 imperatoris,
870 2555 929 2622 per
946 2555 1067 2600 manus
1086 2532 1261 2600 Anastasii
1276 2533 1324 2601 hi·

268 2643 481 2734 hliothccarii,
504 2645 541 2712 in
563 2645 735 2713 secretario
752 2645 890 2713 ecclesiae
910 2646 1016 2713 sancti
1028 2646 1132 2728 Petri,
1155 2667 1246 2712 anno
1271 2647 1328 2713 in-

267 2758 470 2827 carnationis
483 2760 751 2848 Dominicoedid,
765 2761 869 2829 Nonis
875 2761 1044 2848 ianuarii,
1060 2759 1239 2828 indictione
1252 2765 1320 2832 IX.

267 2877 314 2944 Et
339 2874 447 2943 delata
472 2887 518 2943 est
543 2877 585 2943 ah
613 2875 724 2943 eodem
750 2876 943 2944 Theoderico
969 2877 1005 2943 in
1025 2876 1158 2944 civitate
1186 2877 1324 2945 Ithemis

267 2992 448 3060 Hincmaro
460 2992 661 3061 lidentonam
674 2992 929 3084 archiepiscopo,
940 2991 1050 3061 eodem
1063 3015 1152 3062 ancia
1165 3005 1197 3061 et
1207 2993 1324 3062 eadem

267 3106 460 3196 indictione,
482 3107 598 3178 Vldns
612 3108 757 3178 Martii⁴.
771 3133 788 3174 a
826 3105 829 3112 '

266 3329 331 3379 nolas
344 3345 396 3380 esse
409 3329 521 3380 duximus
534 3331 587 3393 ejus
602 3330 709 3380 relatIoni
719 3345 765 3379 noo
781 3330 887 3394 prebere
900 3331 1066 3382 incunctanter
1075 3330 1194 3382 auditum.
1208 3349 1223 3381 n
1238 3332 1334 3384 Iohan-

266 3411 304 3460 nis
322 3412 380 3462 Vlll
399 3411 481 3475 Epist.
501 3410 537 3461 ad
556 3412 721 3461 Hincntaram
742 3411 887 3476 archiepisc.
910 3413 1022 3462 demens.
1043 3413 1151 3477 (Iligne,
1172 3417 1194 3462 t.
1216 3414 1331 3479 CXXVl,

267 3507 306 3556 ep.
322 3493 361 3555 ll,
374 3505 398 3556 p.
414 3492 480 3553 662).

299 3576 320 3622 Ι.
340 3569 401 3622 lbid.
416 3569 516 3622 Carolus
528 3577 610 3620 autem
625 3571 765 3635 imperator,
778 3571 874 3634 longius
886 3585 1026 3636 progressus
1037 3587 1111 3637 quam
1130 3573 1252 3624 Iohannes
1265 3589 1331 3640 papa

266 3652 412 3713 decreverat,
423 3651 552 3701 Ilincmaro
572 3649 723 3702 Laudunansi
744 3652 826 3702 oculos
847 3652 916 3702 effodi
934 3653 1018 3716 iussit.
1038 3653 1112 3716 Crrjur
1132 3653 1190 3703 iacti
1213 3654 1333 3706 invidiam

265 3731 409 3782 recentiores
419 3730 517 3797 quidam
529 3731 645 3795 historIci,
656 3731 708 3782 aine
718 3731 765 3782 ulla
774 3731 915 3783 auctoritate
926 3739 951 3781 et
963 3739 1114 3796 argumento,
1129 3733 1154 3782 in
1167 3733 1330 3786 llincmarum

265 3811 383 3862 seniorem
400 3826 428 3861 ax
446 3817 513 3875 parte
531 3811 667 3875 conjiciunt.
683 3811 715 3862 V.
730 3812 821 3874 Gorini,
836 3812 943 3876 Defensa
957 3812 990 3863 de
1001 3802 1111 3878 l'lipliee,
1126 3831 1149 3863 a.
1160 3815 1231 3877 laco,
1246 3820 1265 3863 t.
1282 3814 1335 3880 ΙΙΙ,

264 3905 289 3955 p.
305 3894 421 3944 Ι23-Ι26.

294 3972 319 4020 2.
334 3971 365 4021 V.
383 3972 415 4022 Le
427 3985 495 4037 pape
507 3971 636 4036 Formoae,
649 3986 675 4036 p.
690 3974 776 4024 228-9.

295 4053 319 4100 3.
336 4051 463 4116 Exemplar
483 4051 540 4101 illud
561 4053 636 4102 edidit
655 4052 757 4103 Iacobus
772 4052 882 4104 Sirmood
897 4069 925 4104 er
941 4055 1020 4105 codice
1037 4056 1063 4108 S.
1077 4055 1180 4118 Remigii
1192 4057 1333 4110 uenenis.

264 4129 296 4181 V.
311 4130 424 4182 Concilio
439 4131 541 4197 Gallia,
555 4139 573 4184 t.
589 4135 634 4198 Ill,
651 4149 676 4198 p.
693 4137 747 4184 622.

295 4212 319 4260 Ι.
341 4212 370 4261 V.
387 4212 510 4275 Sirmond,
532 4214 647 4264 Concilio
667 4213 768 4279 Gallia,
789 4219 808 4263 t.
834 4215 877 4278 Ill,
898 4229 923 4280 p.
938 4217 992 4275 423,
1015 4221 1040 4265 et
1061 4215 1153 4278 Migne,
1177 4222 1195 4266 t.
1216 4218 1333 4283 CXXVI,

264 4302 303 4355 ep.
318 4292 357 4353 l'l,
371 4304 396 4355 p.
411 4292 466 4341 663.
480 4291 754 4359 auctoramentum
767 4296 849 4345 Rome
860 4296 1007 4360 versabatur,
1020 4295 1079 4346 aliae
1091 4295 1208 4347 litterata
1218 4295 1333 4350 iohanne
