2954 5050
554 391 728 446 HOHTUNA
753 391 869 446 ΙΙΔΙΙΙΑ
1193 394 1242 446 233

179 538 239 610 sed
253 536 402 626 religiose
416 538 621 608 excolendam
633 536 657 607 ¹.
679 536 747 607 Hoc
766 536 879 606 eodem
899 545 1057 625 tempore,
1080 536 1148 626 ipse
1165 536 1238 608 Ado

180 677 242 728 auo
261 654 395 724 nomine
412 654 535 724 litteras
554 653 595 722 ad
614 653 724 724 sedem
743 652 949 741 apostolicam
963 652 1131 741 mittebat,
1147 674 1240 723 sum·

180 791 339 860 mumque
355 769 554 858 pontificem,
570 790 612 840 ne
630 769 709 861 quid
726 769 861 840 decretis
875 768 999 838 Nicolai
1016 767 1240 860 derogaretur,

181 889 296 974 libere,
320 907 363 956 ne
389 886 493 954 dicam
522 886 669 969 liberius,
701 883 888 958 monebat&
914 883 1001 966 Quas
1030 885 1240 974 monitiones,

183 1004 331 1096 quamvis
350 1002 571 1091 gravissimas,
596 1002 782 1072 Hadrianus
799 1000 830 1069 ΙΙ
851 1022 918 1070 non
941 1000 1046 1070 solum
1067 1003 1244 1072 toleranter

183 1141 298 1210 passus
314 1129 375 1208 est,
391 1119 447 1188 sed
462 1127 588 1188 metum
608 1119 762 1188 omnibus
781 1119 906 1208 eripere
926 1117 1073 1207 cupienS,
1087 1117 1187 1206 jussit
1201 1119 1241 1192 ad

184 1235 364 1306 Galliarum
382 1243 515 1306 cunctos
530 1235 785 1323 archiepiscopos
799 1234 886 1303 mitti
898 1234 1021 1303 litteras
1035 1235 1239 1325 apostolicas,

181 1352 316 1442 quibus,
338 1360 376 1422 ut
396 1361 491 1420 antea
511 1350 676 1440 Nicolaus‚
699 1350 745 1422 sic
767 1351 836 1440 ipse
861 1349 1049 1422 Graecorum
1071 1351 1241 1439 opiniones

181 1467 277 1540 falsas
292 1467 497 1557 improbabat
508 1465 533 1535 ⁸.

228 1584 335 1673 Atque
358 1593 426 1652 tarn
449 1586 656 1654 vehementes
671 1592 763 1653 erant
777 1584 840 1652 illc
849 1583 1049 1671 suspiciones
1068 1605 1149 1672 quas
1168 1583 1241 1653 Ado

183 1721 222 1771 er
236 1700 409 1770 Anastasio
423 1701 588 1769 indicante
602 1709 779 1788 acceperat,
793 1709 830 1768 ut
841 1700 877 1769 in
891 1722 951 1769 suo
966 1699 1130 1770 Chronico
1144 1722 1243 1770 ausus

183 1819 227 1886 sit
247 1818 413 1888 scribere:
434 1819 595 1908 plurimos
611 1816 790 1888 Galliarum
810 1817 1024 1907 episcopusin
1039 1819 1098 1886 bac
1119 1818 1244 1904 cogita·

184 1935 273 2004 tione
286 1956 322 2003 ac
337 1935 452 2004 timore
465 1933 579 2023 luisse,
595 1954 637 2002 ne
651 1933 838 2003 Hadrianus
851 1955 932 2022 papa
945 1932 989 2021 11,
1000 1933 1040 2002 de
1051 1934 1100 2002 via
1112 1934 1241 2022 pietatis

184 2050 396 2139 deflectendo,
420 2052 561 2120 ecolesiae
582 2049 740 2120 Romana
763 2051 879 2118 vulnus
902 2050 1020 2118 erroris
1041 2048 1242 2136 infligeret‘.

228 2165 315 2235 Hinc
335 2167 434 2236 etiam
462 2167 678 2236 acerbissimae
700 2166 762 2240 illae
788 2167 902 2236 littera
920 2166 961 2235 ab
980 2165 1139 2255 episcopis
1160 2165 1244 2235 Pro·

216 2357 240 2405 l.
257 2355 288 2406 V.
305 2355 390 2406 Vitam
406 2353 533 2405 Hadriani
543 2355 579 2417 ΙΙ,
592 2369 614 2406 c.
628 2367 674 2416 xv,
684 2370 709 2420 p.
725 2355 782 2406 229.

215 2437 240 2486 2.
257 2433 305 2485 llice
318 2434 414 2499 quidem
433 2435 523 2485 Adonis
541 2435 571 2485 ad
591 2435 738 2486 Hadrianum
758 2434 844 2485 littere
864 2440 1021 2498 evanuerunt,
1037 2435 1079 2485 sed
1097 2435 1155 2501 qnid
1169 2437 1193 2486 in
1213 2437 1248 2487 eis

183 2515 259 2566 inerit
278 2530 306 2565 er
327 2529 439 2580 responso
457 2516 586 2583 pontificali
605 2517 714 2567 norimus
734 2516 1120 2582 (Mtgne‚t.cxx11,ep.12‚p.
1137 2520 1246 2581 talbot,

183 2597 252 2659 ctajns
265 2609 352 2661 nempe
365 2596 410 2646 boo
420 2602 457 2646 est
466 2596 604 2647 exordium:
617 2596 767 2662 «Epistulam
774 2597 907 2647 sanctitatis
916 2603 962 2646 ture
974 2611 1063 2658 magna
1075 2612 1131 2648 cum
1142 2597 1246 2648 exsulta-

183 2677 249 2727 tione
260 2677 363 2741 suscepi.
372 2676 451 2739 Igitur
459 2665 564 2742 quae‘pre
575 2676 707 2741 privilegiis
720 2675 831 2727 Ecclesia
838 2678 951 2728 Romane
958 2675 996 2727 vel
1005 2676 1107 2726 decretis
1117 2677 1247 2728 decessoris

130 2819 132 2824 Ι
183 2757 232 2808 mei
241 2757 376 2822 apostolice
388 2757 509 2807 memorie
523 2771 590 2822 papa
603 2757 694 2807 Nicolai
705 2757 757 2808 sina
769 2756 920 2807 mutilatione
936 2756 1056 2806 semendis
1070 2757 1180 2821 hortaris,
1194 2758 1246 2808 leu-

183 2836 278 2897 damus‚
307 2851 361 2900 quaa
387 2836 472 2886 suades
496 2836 654 2900 admittimus,
683 2841 707 2886 et
732 2851 786 2901 quae
803 2851 886 2886 mones
901 2837 996 2902 penitus
1020 2836 1189 2901 approbamus.
1220 2838 1245 2888 Si

183 2917 282 2982 quidem
297 2922 351 2966 acta
371 2917 463 2981 praelati
486 2917 605 2983 pontilicis
622 2923 687 2966 tanto
702 2931 716 2966 a
729 2915 794 2966 nullo
808 2918 912 2980 patimur
924 2914 1033 2980 quolibet
1044 2922 1114 2980 pacto
1131 2916 1244 2981 conuelli,

186 3002 303 3062 quantor,
311 3003 358 3047 etc.
368 2997 460 3061 (ibid).
468 2997 537 3056 Quod
546 2996 658 3047 Hadriani
667 2999 836 3061 llrasponsum
847 2997 867 3046 si
880 2997 1013 3058 cogitamus
1024 2996 1138 3047 dictatum
1149 3011 1201 3046 csse
1213 2996 1244 3046 ab

186 3076 321 3140 Anastasio,
336 3075 396 3126 nibil
409 3083 445 3126 eat
461 3076 563 3142 lepidius
573 3092 644 3142 quana
653 3077 772 3142 quomodo
785 3077 824 3127 bio
835 3077 1030 3128 bibliothecarius
1039 3077 1185 3142 suspiciones
1193 3075 1246 3127 illas

185 3173 246 3223 ques
263 3157 314 3222 ipse
325 3171 368 3222 per
377 3156 469 3207 litteras
482 3163 651 3219 commoverat,
671 3173 734 3208 nunc
748 3157 811 3208 idem
824 3158 937 3209 Hadriani
950 3158 1046 3208 nomine
1056 3156 1136 3208 levare
1145 3157 1243 3223 nitatur,

185 3235 268 3287 dicans
281 3237 431 3288 Hadrianum
445 3243 516 3304 atque
530 3238 653 3288 Nicolaum
664 3253 715 3288 esse
727 3239 794 3303 quasi
809 3238 868 3288 dnos
881 3237 984 3288 medicos
995 3238 1083 3303 quibus
1094 3243 1158 3288 esset
1170 3252 1245 3288 unum

184 3317 298 3380 studium,
314 3317 356 3368 sed
377 3333 479 3382 quorum
499 3317 560 3369 alter
581 3333 692 3384 asperum
713 3318 823 3368 medendi
846 3332 932 3382 genus,
946 3317 1007 3369 alter
1018 3318 1082 3368 lenia
1095 3318 1201 3368 lumenta
1214 3316 1244 3367 ad

184 3397 282 3448 eosdem
293 3398 389 3448 morbos
398 3398 514 3448 sanandos
527 3398 651 3450 adhiberet
665 3414 672 3450 ε
689 3415 702 3446 a
714 3398 741 3450 Si
755 3413 822 3462 ergo,
834 3399 920 3463 inquit,
930 3403 954 3448 te
966 3399 1109 3448 scandalizet
1121 3397 1245 3448 diuersitas

185 3477 424 3542 medicamentorum,
438 3493 493 3528 cum
506 3479 585 3540 magia
598 3478 684 3529 debeat
697 3479 814 3528 edificare
833 3493 880 3529 una
900 3479 1032 3544 eademque
1050 3477 1154 3528 inventio
1167 3477 1246 3527 medi-

185 3571 277 3621 corum,
298 3558 372 3607 immo
386 3559 475 3608 sanitas
496 3563 676 3620 egrotorum.»
692 3559 774 3624 (ibid.)
791 3561 847 3609 Hace
862 3565 944 3609 autem
964 3558 1080 3609 Hadriani
1093 3557 1124 3608 ad
1137 3557 1245 3608 Adonem

186 3637 287 3704 epistola
299 3637 355 3688 data
367 3643 404 3688 est
417 3638 455 3688 die
469 3641 483 3688 8
498 3654 574 3689 mens.
589 3639 646 3689 Maii
660 3653 683 3689 a.
698 3641 742 3690 868
759 3639 792 3704 (r.
804 3639 874 3702 Jaffe,
886 3655 913 3690 u.
927 3639 1008 3704 2907).

218 3721 242 3770 3.
260 3719 367 3778 Quarum
379 3718 514 3768 litterarum
523 3718 645 3783 exemplar
655 3718 686 3768 ab
697 3721 828 3770 Hincmaro
842 3721 954 3772 ilamensi
967 3724 1089 3783 receptum
1097 3716 1246 3769 Flodoardus

187 3805 212 3851 at
224 3799 286 3848 vidit
298 3803 324 3848 et
336 3798 439 3848 breviter
456 3798 591 3863 complexus
604 3805 641 3848 est
655 3800 680 3848 in
692 3800 758 3850 nist.
776 3801 846 3851 Hem.
865 3799 936 3863 eceb,
951 3798 968 3849 l.
982 3800 1026 3863 Ill,
1037 3813 1058 3851 c.
1075 3809 1132 3863 xxr,
1147 3813 1174 3862 p.
1187 3801 1247 3852 tlt.

186 3880 225 3930 De
246 3877 294 3927 illis
315 3883 396 3928 tamen
410 3877 475 3929 nulle
489 3879 579 3929 mentio
597 3883 634 3928 est
646 3881 710 3943 apud
724 3879 794 3943 dalle,
808 3894 885 3944 nequa
899 3878 963 3944 apud
975 3877 1117 3928 recentiores
1130 3878 1246 3943 Repente·

186 3973 247 4009 rum
259 3958 370 4008 editores.

218 4041 243 4092 Ι.
262 4053 276 4085 u
342 4039 431 4104 Spiritu
452 4039 498 4090 Dei
516 4038 583 4102 tacti,
601 4038 734 4103 periculum
751 4037 862 4100 generale
883 4037 907 4086 in
929 4036 1029 4088 ecclesia
1042 4037 1087 4088 Dei
1101 4038 1157 4088 oriri
1171 4038 1245 4090 tirne-

187 4119 256 4183 bant,
276 4133 307 4168 ne
329 4119 434 4184 pontiler
455 4120 585 4180 Romanus,
606 4118 725 4170 lareribus
740 4118 878 4180 inclinatus,
893 4118 924 4168 ab
939 4117 1134 4169 aedificationibus
1149 4120 1246 4184 pietatis

185 4198 351 4263 exorbitando,
365 4201 478 4269 Romane
496 4199 602 4249 ecclesia
621 4198 709 4248 vulnus
724 4198 810 4250 erroris
826 4198 974 4262 indigerent
998 4197 1089 4265 Adonis
1104 4199 1245 4252 chronicon

187 4280 278 4348 (Pertz,
292 4279 350 4344 SS.,
362 4285 382 4334 t.
393 4281 425 4345 ll,
436 4295 462 4346 p.
472 4281 538 4347 323).
