2954 5050
259 385 308 442 23ss
478 383 696 446 tnssrnstt,
723 383 917 438 anuarino
945 385 1042 436 ΡΑΡΔ
1064 385 1105 450 ll,

260 531 442 622 pracsertim
463 529 503 599 id·
517 528 604 618 quod
620 529 711 616 olim,
736 536 868 618 propter
888 549 1063 598 causarum
1083 528 1325 618 ignorantiam,

261 649 303 718 ab
317 646 488 717 Anastasio
506 646 578 714 sine
593 644 771 714 ambitione
791 643 912 713 lactum
925 644 1115 735 putabatur,
1134 665 1223 714 nunc
1241 647 1328 718 nihil

261 762 434 833 aliudesse
449 760 578 831 nisisni
594 781 738 830 amorem
762 770 858 849 atque
875 761 1148 840 existimationem
1167 761 1231 830 dici
1248 762 1327 851 jure

262 877 373 969 possit.
392 876 488 947 Nunc
505 877 618 965 etiam,
644 877 722 964 quia
746 898 829 966 sape
850 897 924 964 qnae
947 897 1096 946 seorsum
1112 886 1147 946 et
1164 877 1326 950 distinctis

263 993 465 1083 argumentis
488 995 619 1063 collecta
643 1001 733 1079 sunt,
754 994 782 1062 si
806 993 925 1063 deinde
944 993 1157 1062 conferuntur
1172 992 1261 1064 inter
1277 1014 1324 1078 se,

262 1120 440 1200 utrumqne
454 1109 560 1198 magis
573 1109 754 1179 illustratur
770 1130 808 1178 aa
823 1110 1035 1179 confirmatur
1046 1110 1094 1194 ¹ab
1114 1111 1228 1198 altero,
1251 1110 1326 1199 quis

263 1249 329 1298 non
351 1226 469 1316 videat,
485 1225 572 1316 qnod
592 1247 691 1315 supra
713 1226 923 1297 manifestum
947 1225 1096 1314 lecimus,
1118 1225 1327 1294 ostendentes

263 1343 476 1414 Anastasium
493 1342 618 1412 Nicolai
637 1342 757 1430 scripta
780 1352 813 1412 et
836 1343 960 1411 litteras
982 1342 1214 1430 composuisse,
1233 1341 1268 1410 id
1289 1359 1325 1410 ex

264 1460 324 1530 bac
348 1465 437 1528 tanta
460 1457 676 1528 Anastasiana
697 1479 756 1547 pro
777 1457 895 1527 iisdem
916 1457 1045 1548 scriptis
1064 1457 1326 1548 propugnatione

263 1584 360 1664 atque
385 1594 496 1666 opera,
523 1595 606 1644 novo
624 1583 721 1664 atque
738 1574 861 1664 optimo
886 1583 1080 1662 argumento
1098 1573 1327 1663 comprobari?

307 1689 366 1762 ΠΙ.
391 1688 430 1759 In
444 1693 505 1760 hac
517 1691 618 1779 igitur
631 1690 762 1759 lortuna
775 1699 807 1759 et
821 1690 999 1759 ambitione
1017 1690 1088 1778 jam
1102 1690 1212 1778 plures
1227 1711 1324 1760 men·

261 1827 315 1878 ses
336 1807 480 1877 riserant
502 1805 694 1876 Anastasius
717 1805 852 1894 ejusque
868 1814 959 1894 pater
981 1804 1153 1890 Amemus,
1170 1806 1268 1876 ambo
1283 1806 1327 1876 si·

265 1925 336 1994 mul
349 1925 608 1994 circumventum
625 1921 830 1992 Hadrianum
843 1930 1049 2010 occupantes,
1066 1931 1163 2010 atque
1177 1923 1264 1991 inter
1279 1943 1326 2012 se,

264 2059 456 2130 quanquam
469 2049 538 2109 erat
550 2039 590 2108 de
602 2038 733 2108 Nicolao
748 2038 855 2127 aliqua
867 2037 985 2125 agendi
999 2037 1181 2125 diversitas,
1197 2058 1328 2107 summa

263 2157 406 2227 amicitia
420 2155 600 2245 conjuncti,
615 2162 748 2242 repente
770 2154 988 2243 inexspectata
1009 2154 1147 2242 procella
1168 2151 1329 2222 lundatis·

263 2273 347 2343 sima
362 2273 417 2342 illa
431 2271 554 2341 lamilla
567 2269 764 2340 concutitur.
780 2267 861 2338 Ruit
873 2269 1005 2338 Arsenii
1027 2277 1181 2358 potestas,
1196 2269 1330 2338 eodem·

265 2407 328 2476 qne
351 2387 539 2458 labefactata
564 2396 656 2456 motu
682 2386 848 2456 Anastasii
876 2385 1006 2455 fortuna
1033 2384 1223 2455 inclinatur.
1244 2384 1328 2454 Rem

265 2523 343 2573 sana
368 2504 524 2592 tragicam
548 2513 644 2593 atque
672 2502 743 2592 ejus
770 2503 872 2573 aetatis
890 2521 1087 2591 murumque
1100 2500 1328 2572 Rornanorum

264 2617 472 2690 lamentabile
484 2618 750 2688 documentnml.

311 2734 391 2804 Erat
404 2736 494 2804 enim
508 2735 674 2804 Hadriano
695 2754 785 2823 papa
808 2754 874 2803 non
896 2743 998 2823 nupta
1018 2734 1216 2822 illaquam
1236 2733 1329 2822 olim,

266 2850 347 2921 dum
361 2861 445 2921 esset
456 2851 557 2920 laicus
571 2859 627 2918 aut
640 2851 745 2918 clerus
756 2847 918 2918 inferioris
933 2847 1088 2937 ordinis²,
1104 2868 1142 2917 ex
1152 2848 1331 2938 Stephania

266 2987 366 3038 uxore
386 2966 577 3036 habuerat
595 2965 672 3034 Haec
692 2963 838 3052 quidem,
854 2974 892 3033 ut
905 2964 1045 3053 videtur,
1059 2985 1127 3033 non
1148 2965 1255 3055 prima
1269 2965 1332 3032 llo-

265 3083 359 3154 rebat
380 3080 588 3172 juvantuta¹;
609 3081 665 3151 sed
688 3101 725 3150 ex
748 3102 813 3172 quo
836 3081 1016 3170 presertim
1040 3090 1188 3169 tempore
1206 3083 1329 3151 summi

299 3299 324 3348 l.
340 3296 413 3347 Certa
432 3295 506 3360 hujus
528 3295 586 3346 lacti
608 3300 762 3346 monumenta
782 3294 926 3346 Hinomarus
952 3295 1079 3347 Ramensls
1106 3297 1184 3347 Roma
1208 3295 1332 3348 arcuerit

267 3391 343 3443 saque
358 3375 478 3442 descripta
496 3375 521 3426 ln
535 3391 590 3428 suos
607 3375 713 3429 Annales
730 3375 866 3442 transtulit,
885 3375 910 3426 in
927 3390 1020 3427 annum
1032 3377 1088 3428 868.
1105 3377 1198 3440 (Perta,
1211 3376 1233 3440 1,
1245 3379 1329 3441 ttt·9;

267 3465 292 3510 et
305 3459 330 3508 in
344 3455 455 3524 Appeud.
473 3456 502 3520 Ι.)

297 3541 322 3590 2.
340 3536 501 3604 Suprsenim,
514 3550 570 3587 cum
579 3535 609 3587 de
621 3537 715 3588 Arrenii
726 3537 852 3601 juventute
866 3550 965 3600 agerem
979 3537 1013 3601 (v.
1028 3551 1053 3602 p.
1069 3537 1118 3601 38),
1134 3537 1239 3601 preterit
1252 3537 1334 3590 dicere

266 3619 331 3670 hunc
352 3632 453 3678 morem,
474 3617 623 3683 temporibus
649 3617 705 3682 illis,
729 3617 802 3668 luisse
822 3623 851 3669 ut
874 3616 954 3668 clerici
977 3616 1068 3668 ordinis
1091 3616 1212 3668 inferioris
1234 3631 1335 3670 uxorem

266 3702 389 3764 ducerent,
403 3713 432 3749 ax
444 3711 493 3764 quo
505 3696 624 3749 incertum
636 3703 673 3748 ast
687 3703 767 3748 utrum
779 3697 915 3748 Hadrianus
925 3698 948 3748 11
967 3697 1030 3747 bano
1043 3697 1116 3748 liliam
1131 3696 1208 3748 laicus
1221 3696 1336 3752 habuerit

229 3797 233 3806 ·
266 3797 297 3833 an
308 3779 409 3832 clericus
421 3777 529 3830 nondum
542 3777 573 3827 ad
588 3791 668 3827 sacros
681 3777 777 3828 ordinas
790 3783 924 3842 provectus.
941 3778 1004 3828 Nam
1021 3792 1049 3828 ex
1066 3779 1122 3828 Vita
1140 3777 1269 3828 Hadriani
1287 3777 1336 3831 boe

266 3874 341 3912 unum
351 3859 468 3923 norimus,
487 3859 550 3909 bunc
562 3871 650 3923 papam
663 3856 862 3910 subdiaconatum
875 3857 1018 3920 adrogorio
1031 3857 1066 3908 lV
1080 3857 1202 3923 accepisse
1212 3857 1334 3926 (Vignoli,

265 3947 285 3992 t.
300 3940 345 4006 111,
359 3955 384 4006 p.
397 3939 463 4004 219),
479 3938 520 4004 qul
534 3953 596 4004 papa
608 3937 655 3988 luit
670 3938 701 3987 ab
716 3952 739 3987 a.
753 3937 941 3990 attestanti.

297 4023 322 4072 ³.
338 4021 371 4072 V.
386 4021 510 4072 Hinemari
521 4018 643 4080 Anactes,
657 4033 680 4068 a.
696 4019 740 4069 868
754 4019 843 4082 (Perta,
861 4020 880 4080 l,
895 4020 962 4082 llll.

296 4101 322 4151 l.
338 4101 393 4167 lpse
412 4101 554 4164 Hadrianus,
583 4114 638 4150 cum
657 4113 765 4150 summus
787 4099 893 4163 pontifex
914 4104 1009 4150 creatus
1031 4104 1080 4162 ast,
1099 4105 1170 4150 natur
1190 4104 1242 4150 erat
1259 4113 1336 4152 annm

266 4180 373 4246 quinque
391 4187 416 4232 st
429 4182 582 4247 septuaginta
603 4181 635 4246 (r.
659 4181 742 4231 Vitam
752 4179 881 4230 Hadriani
898 4180 931 4243 11,
948 4193 970 4230 c.
986 4192 1024 4244 ιν,
1035 4193 1061 4244 p.
1074 4181 1142 4244 221),
1157 4185 1230 4245 amus
1242 4195 1335 4232 mnam

267 4257 380 4326 qulutm
392 4266 418 4312 et
430 4261 570 4312 domimum
579 4261 610 4312 ab
622 4260 773 4314 ordinatione
785 4258 926 4312 sacerdotali
940 4260 1028 4326 agebat
1041 4262 1074 4328 (a.
1089 4258 1159 4324 ibid,
1169 4275 1195 4330 p.
1209 4261 1295 4324 eat-2,
1309 4261 1336 4316 ln
