2960 5052
269 459 368 510 ORTU
389 460 515 520 Arous
535 461 806 513 trtsrtrurtorttt
827 461 1070 516 utsrurtrua
1170 464 1200 516 87

140 600 255 670 rudem
264 599 364 670 luisse
372 601 532 671 sermonis
544 600 578 669 in
589 623 652 691 quo
663 611 757 672 natus
769 613 850 693 erat,
865 614 961 692 atque
973 605 1045 674 ideo
1058 625 1198 693 grecam

139 715 210 802 eius
220 717 384 804 originem
402 737 472 786 esse
488 715 565 786 satis
580 716 786 788 manifestam
799 718 821 788 ¹.
846 719 991 808 Etenim,
1007 720 1135 789 etiamsi
1155 720 1201 788 ita

139 851 255 900 verum
269 842 366 908 esset.
383 842 421 900 ut
433 833 501 901 haec
516 834 707 902 Anastasius
724 841 846 921 ruente,
862 856 928 902 non
946 833 1053 904 fronte
1070 831 1200 922 dixerit,

138 967 224 1034 quae,
251 968 343 1034 rogo,
365 947 426 1015 ista
447 957 495 1016 est
516 947 682 1016 dialectica
702 969 761 1035 per
779 970 878 1036 quam
896 969 934 1018 ex
954 949 1074 1019 talibus
1095 948 1202 1019 verbis

137 1063 232 1130 licuit
244 1083 384 1148 grecam
397 1062 466 1149 ejus
477 1061 639 1150 originem
652 1061 784 1153 inferre,
797 1083 874 1132 cum
887 1083 998 1134 revera
1009 1063 1203 1134 Anastasius

138 1197 173 1245 se
188 1177 379 1264 imperitum
399 1176 520 1264 lingue
533 1177 642 1246 latinae
661 1176 707 1245 ita
725 1178 767 1246 sit
783 1177 959 1266 protessus,
981 1187 1019 1247 ut
1032 1199 1090 1266 per
1105 1199 1204 1267 argu·

137 1301 290 1360 mentum
312 1291 405 1377 illud,
420 1291 506 1379 quod
520 1301 635 1360 vocant
648 1313 670 1358 o
682 1292 829 1382 fortiori,
844 1293 1054 1362 manifestum
1069 1292 1202 1381 laceret,

137 1417 265 1496 quanto
284 1407 395 1476 minus
418 1407 565 1492 linguam
585 1427 723 1496 grecam
738 1408 871 1476 baberet
891 1409 1068 1497 cognitam,
1083 1408 1204 1498 quippo

137 1543 215 1610 quae
229 1521 293 1608 ipsi
307 1542 372 1588 non
388 1532 471 1590 esset
484 1522 600 1611 patria,
618 1521 675 1590 sed
688 1542 762 1591 vere
777 1522 904 1591 aliena?

185 1641 220 1706 5.
248 1638 294 1706 Er
317 1638 368 1706 his
387 1637 458 1726 jam
479 1648 604 1706 constat
626 1637 909 1707 bibliothecarium
933 1648 1082 1708 nostrum
1104 1638 1140 1708 in
1165 1659 1203 1708 ea

138 1754 276 1841 regione
299 1773 368 1821 esse
393 1761 508 1820 natum
528 1752 564 1820 in
586 1774 650 1841 qua
674 1774 781 1822 sermo
801 1753 923 1823 latinus
949 1765 1021 1822 tum
1047 1755 1202 1842 temporis

139 1870 336 1939 vernaculus
355 1877 434 1935 erat.
456 1867 529 1936 Jam
546 1887 618 1936 vero
633 1867 673 1936 ad
689 1869 756 1936 haec
771 1869 797 1937 si
813 1868 974 1938 addideris
989 1869 1203 1938 Anastasium

141 2005 211 2050 non
224 1983 329 2051 solum
342 1981 558 2050 sacerdotium
570 2003 588 2050 a
598 2003 728 2050 summo
742 1982 892 2070 pontifice
903 1980 1092 2070 accepisse²,
1107 1991 1204 2070 atque

140 2099 372 2186 presbyterum
396 2097 593 2165 cardinalem
612 2099 752 2166 ecclesie
777 2098 907 2167 cuidam
928 2098 1086 2168 Romanae
1105 2094 1205 2164 luisse

141 2213 365 2302 praepositum,
382 2233 494 2281 verum
510 2214 608 2281 etiam
622 2211 747 2300 Romae,
765 2222 802 2281 ut
821 2213 889 2301 ipse
906 2212 1110 2300 significavit,
1124 2232 1206 2301 pue·

142 2349 221 2396 rum
237 2328 349 2396 vixisse
360 2327 385 2416 ³,
401 2330 489 2397 hunc
501 2327 572 2416 jam
587 2349 652 2396 non
667 2337 705 2396 nt
720 2328 882 2415 Graecum,
897 2329 952 2396 sed
966 2341 1004 2397 ut
1017 2326 1204 2396 Romanum

143 2445 217 2513 sine
238 2444 338 2513 dubio
359 2443 514 2531 habebis3
539 2453 611 2531 aut,
637 2443 664 2511 si
687 2464 752 2531 qua
771 2455 882 2512 manet
904 2444 1008 2511 adhuc
1031 2443 1203 2527 dubitatio,

142 2560 226 2645 haec,
249 2568 306 2626 aut
324 2579 384 2642 ego
405 2557 508 2645 lallor,
533 2558 674 2646 tolletur,
699 2580 775 2627 oum
796 2561 1008 2627 Anastasium
1029 2558 1205 2627 viderimus

143 2694 181 2742 ex
204 2694 242 2741 ea
263 2673 385 2740 familia
406 2693 475 2741 esse
499 2683 708 2761 ortumque
731 2675 970 2764 amplissimum
990 2676 1098 2741 locum
1120 2672 1205 2740 inter

142 2789 311 2858 Romanos
325 2797 468 2856 tenebat.
1077 2847 1079 2850 .

188 2903 238 2974 ΙΙ.
267 2903 352 2972 Cum
366 2924 462 2991 supra
486 2903 691 2992 probaverim
714 2925 786 2974 eam
811 2902 910 2972 luisse
936 2901 1205 2971 consuetudinem

144 3019 316 3088 Hincmori
339 3018 511 3088 Remensis
525 3041 600 3088 oum
617 3021 788 3089 Anastasio
805 3019 1049 3087 bibliothecario
1063 3027 1096 3085 et
1110 3018 1207 3085 Arse-

144 3137 216 3224 nio,
231 3137 379 3224 episcopo
390 3135 557 3226 Hortensi,
575 3148 611 3205 ut
636 3137 706 3226 ejus
727 3138 819 3226 fides,
836 3137 1008 3224 inhaere,
1035 3155 1206 3223 nunquam

145 3253 189 3320 sit
203 3251 400 3339 abroganda,
417 3251 480 3319 nisi
491 3253 609 3320 certior
618 3243 803 3321 adversetur
815 3253 989 3320 auctoritas
1002 3250 1026 3333 ⁴,
1039 3251 1159 3320 idcirco
1170 3250 1207 3317 in

146 3367 187 3434 iis
199 3387 277 3455 quae
285 3368 430 3435 Annales
442 3367 668 3436 Hincmariani
681 3367 720 3435 de
729 3368 791 3436 ista
803 3366 925 3435 familia
939 3375 1087 3454 narrant,
1099 3385 1208 3456 neces-

147 3482 272 3550 sarium
286 3481 362 3550 duri
377 3483 592 3572 acquiescere,
608 3503 645 3551 er
658 3484 718 3550 hoc
735 3482 878 3551 securior
890 3482 1139 3571 qu0d‚probata
1154 3479 1207 3546 illa

181 3669 205 3716 Ι.
222 3669 274 3717 «ln
294 3681 321 3716 ea
339 3665 491 3732 (Praelations
510 3667 540 3718 ad
558 3668 692 3718 iohannem
712 3667 785 3732 diac.)
806 3683 832 3718 se
847 3653 940 3730 origine
960 3669 1071 3717 Graccum
1087 3679 1139 3716 essa
1153 3662 1210 3714 satis

147 3743 262 3804 declarat,
274 3744 419 3809 imperitiam
429 3747 551 3796 confessus
561 3745 599 3797 vel
613 3748 666 3809 ejus
679 3745 775 3811 lingue,
787 3747 811 3796 in
821 3762 868 3812 qua
877 3753 947 3797 natus
957 3751 1018 3796 eret.
1027 3762 1041 3793 r
1051 3745 1075 3794 J.
1084 3741 1209 3803 Mablllon,

146 3823 262 3876 Annales
277 3824 306 3873 0.
320 3826 347 3874 S.
360 3826 500 3888 Benedicti,
513 3833 534 3877 t.
547 3827 591 3889 ΙΙΙ,
606 3841 630 3890 p.
644 3828 683 3876 36.

179 3905 204 3954 2.
222 3903 254 3952 V.
266 3903 336 3968 inlra,
352 3919 373 3955 c.
392 3917 420 3955 ιι.

180 3985 205 4032 3.
223 3984 279 4032 Hac
293 3984 358 4034 enim
369 3985 399 4035 de
409 3986 466 4035 Vita
478 3985 735 4050 Pseudo-Areopagites
744 3986 857 4050 scripsit:
872 4003 883 4031 ιι
893 3985 1031 4036 Passionem
1044 3981 1120 4042 sancti
1132 3980 1212 4030 hiero-

149 4063 261 4126 martyris
274 4063 381 4128 Dionysii
403 4066 524 4130 qnondam
535 4067 696 4132 Areopagum,
715 4072 815 4130 postque
832 4064 978 4116 Athenarum
996 4062 1120 4122 antistitis,
1134 4075 1213 4128 quum

150 4141 235 4192 Romoe
245 4141 296 4208 lept'
303 4157 361 4193 cum
371 4159 434 4209 puer
443 4160 531 4196 esrem.
540 4162 553 4193 n
564 4145 683 4199 Anastasii
691 4145 809 4212 Epistola
817 4145 852 4196 od
863 4143 983 4195 Coretum
995 4141 1103 4193 Calvum
1111 4142 1213 4206 (Aligne,

150 4225 170 4271 t.
183 4222 295 4284 ΟΧΙΙΙΧ,
310 4239 335 4288 p.
352 4225 418 4289 tar).

182 4303 207 4351 Ι.
221 4301 255 4351 ΙΙ.
271 4303 423 4364 Prooemium,
436 4319 461 4368 p.
477 4308 503 4356 ΙΙ
520 4319 573 4370 sqq.
