2944 5060
285 475 330 528 268
500 474 716 537 anastasii,
744 474 942 527 nanniano
968 476 1065 526 ΡΑΡΔ
1089 475 1131 537 ΙΙ,

286 639 386 708 quam
406 618 603 686 Hincmams
625 616 797 685 Remensis
813 616 919 684 Caroli
935 617 1023 704 regis
1044 615 1180 686 nomine
1202 625 1236 684 et
1256 616 1351 706 jussu

287 734 451 822 scripsisse
466 732 693 820 probabilitate
707 753 827 821 magna
843 742 977 820 putatur
988 734 1013 801 ¹.

329 849 433 918 lirant
452 847 593 937 prolecto
617 869 655 918 ea
672 849 791 938 scripta
810 848 1033 933 acerbissima,
1049 849 1118 932 sed,
1133 850 1223 937 quod
1239 858 1350 918 notatu

287 966 425 1053 dignum
447 975 508 1054 est,
539 967 574 1034 in
602 967 650 1036 eis
674 987 742 1035 non
766 987 915 1035 summus
943 965 1097 1054 pontifex,
1124 968 1181 1036 sed
1207 968 1348 1036 maxime

286 1080 428 1150 dictator
442 1083 627 1152 litterarum
645 1083 879 1170 pontificalium
893 1082 1151 1171 impugnabatur
1176 1107 1185 1150 ε
1214 1108 1232 1149 a
1253 1083 1350 1152 Valde

286 1199 396 1268 mirati
424 1219 552 1286 sumus,
579 1198 686 1268 aicbat
716 1197 858 1267 Carolusx
880 1199 1010 1287 Calvus,
1037 1198 1096 1267 ubi
1123 1202 1185 1268 hoc
1215 1199 1352 1268 dictator

286 1315 428 1404 epistole
449 1315 543 1383 nobis
563 1335 622 1402 per
649 1315 829 1383 Actardum
850 1315 1039 1402 episcopum
1061 1315 1175 1384 delatae
1196 1317 1350 1404 scriptum

191 1450 199 1463 ·
289 1430 464 1515 invenerit,
498 1449 568 1498 esse
603 1430 776 1518 apostolica
803 1430 992 1498 auctoritate
1018 1429 1291 1520 praeoipiendum
1317 1439 1352 1499 ut

287 1568 384 1616 rex...
416 1566 510 1614 reum
529 1546 676 1634 legaliter
705 1567 741 1614 ac
768 1547 962 1634 regulariter
986 1567 1045 1634 pro
1075 1547 1261 1616 excessibus
1289 1547 1351 1615 suis
1444 1601 1445 1638 ,

289 1662 495 1750 damnatum,
523 1671 581 1730 sua
608 1660 729 1730 fretum
759 1662 902 1749 potentia
930 1665 1068 1730 Romam
1088 1659 1245 1748 dirigat².
1265 1686 1283 1729 u
1313 1662 1351 1730 Et
1444 1655 1445 1744 l

287 1782 348 1849 boc
372 1777 458 1847 inira
487 1800 497 1847 ε
531 1802 549 1844 o
568 1777 653 1847 Satis
680 1798 758 1865 ergo
785 1777 900 1845 mirari
932 1798 999 1846 non
1034 1798 1229 1866 possumus,
1268 1778 1351 1847 unde
1444 1797 1445 1860 3

288 1897 425 1983 scriptor
451 1895 595 1982 epistolae
624 1893 719 1963 nobis
745 1915 784 1962 ex
816 1893 951 1962 nomine
975 1902 1082 1963 vestro
1109 1894 1235 1980 delatae,
1271 1898 1349 1964 banc

287 2014 396 2099 legem
423 2010 509 2098 apud
537 2029 571 2078 se
597 2031 676 2078 auro
705 2010 864 2099 sculptam
889 2009 1054 2099 produxit,
1075 2031 1174 2099 quam
1193 2010 1350 2079 Dominus

290 2129 392 2216 digito
409 2147 468 2195 suo
489 2147 555 2194 non
575 2124 703 2212 scripsit
712 2123 737 2194 ³.
752 2150 769 2191 s
1445 2197 1446 2204 ἵ

333 2242 447 2330 Neque
457 2241 549 2310 aliter
561 2240 702 2329 episcopi
719 2241 754 2308 in
769 2240 898 2329 scriptis
908 2240 949 2308 ad
959 2239 1166 2309 Hadrianum
1176 2241 1306 2329 litteris,
1317 2251 1350 2308 ut
1445 2247 1446 2260 ¹

289 2379 326 2427 ex
340 2359 410 2426 loco
425 2356 633 2446 supracitato
645 2357 782 2445 perspici
796 2366 911 2445 potest.
921 2356 992 2425 Rex
1003 2356 1093 2426 enim
1103 2366 1202 2446 atque
1213 2356 1349 2446 episcopi

288 2494 355 2543 una
381 2473 534 2561 opinione
561 2471 810 2542 consentiebant
837 2472 900 2541 sibi
927 2493 965 2541 ex
995 2471 1171 2561 pontificali
1199 2492 1349 2562 responso

287 2589 415 2676 liquere
436 2607 491 2656 eas
510 2589 674 2676 epistolas,
689 2609 771 2675 quas
785 2587 926 2657 llomam
936 2588 1112 2658 novissime
1125 2589 1297 2678 miserant,
1313 2589 1349 2657 ab

290 2703 456 2774 Hadriano
476 2726 558 2792 papa
577 2725 683 2792 neque
702 2704 785 2773 visas
803 2723 909 2792 neque
924 2704 1051 2774 auditas
1068 2705 1203 2794 quidem
1217 2701 1347 2774 luisset

321 2905 345 2953 t.
362 2903 396 2953 Ut
411 2900 477 2950 illam
493 2900 596 2950 lacobus
613 2898 725 2949 Sirmoud
740 2899 803 2950 inter
822 2914 894 2965 opera
908 2899 1031 2951 Hincmari
1046 2900 1075 2965 (t.
1093 2901 1124 2965 ΙΙ,
1141 2915 1167 2965 p.
1183 2901 1241 2966 tor)
1257 2900 1350 2952 ediderit

290 2982 333 3046 (cl.
348 2982 441 3044 Migne,
457 2986 476 3031 t.
492 2981 601 3042 CXXW,
617 2995 655 3045 ep.
678 2982 701 3043 8,
722 2995 748 3044 p.
769 2983 810 3031 881
831 2995 900 3046 sqq.;
920 2981 958 3030 cui
975 2980 1082 3047 epistola
1104 2979 1204 3032 Carolus
1219 2997 1260 3032 rer
1284 2981 1351 3032 aliam

288 3062 420 3128 quamdam
436 3060 560 3126 parvulam
576 3061 643 3130 quasi
666 3060 823 3126 appendicem
843 3060 977 3111 addendam
996 3061 1101 3126 curarit;
1123 3077 1147 3112 r.
1172 3063 1268 3126 Migne‚
1287 3063 1350 3124 ibid,

288 3158 329 3208 ep.
343 3146 367 3205 9,
384 3158 410 3208 p.
427 3142 493 3207 896).
517 3143 597 3206 Atque
619 3141 683 3192 idem
699 3141 828 3191 dicendum
842 3142 952 3192 existimo
977 3141 1007 3192 de
1026 3141 1113 3194 litteris
1129 3157 1185 3208 qua
1201 3157 1265 3193 anno
1285 3157 1351 3209 supe·

289 3224 351 3274 riore
374 3238 388 3273 a
410 3222 495 3273 Carolo
518 3221 590 3273 Calvo
616 3222 647 3271 ad
670 3222 819 3272 Hadrianum
847 3222 927 3272 missas
948 3228 1005 3272 sunt
1031 3223 1143 3288 (bligne,
1170 3223 1244 3286 ibid,
1269 3239 1308 3290 ep.
1329 3226 1351 3286 Ι,

210 3309 214 3318 ’
290 3320 316 3371 p.
332 3306 458 3365 8Ι8-881).
478 3301 547 3363 Quod
567 3302 587 3351 si
608 3303 747 3353 Heinrioum
765 3303 865 3354 Scbrore
878 3303 962 3352 audire
978 3302 1079 3352 velimus
1099 3302 1248 3368 (arnimar,
1261 3319 1285 3370 p.
1300 3306 1350 3366 etl,

290 3401 316 3436 n.
330 3387 397 3449 316),
415 3384 559 3434 Hincmarus
572 3383 698 3433 Remensis
713 3384 758 3433 boe
777 3383 860 3433 eodem
879 3389 986 3448 tempore
1006 3383 1037 3432 ad
1056 3384 1209 3434 Anastasium
1223 3386 1351 3451 scripsisset

290 3464 416 3531 epistolam
431 3463 495 3513 illam
511 3478 584 3528 quam
600 3469 718 3514 memorat
731 3462 877 3514 Flodoardus
891 3465 967 3524 (Hert.
985 3462 1044 3513 ecel.
1056 3464 1137 3527 llam„
1150 3462 1168 3514 l.
1182 3466 1228 3529 ΙΙΙ,
1243 3480 1266 3516 e.
1280 3475 1349 3525 urit,

291 3561 316 3612 p.
329 3548 374 3596 538
388 3561 395 3595 :
413 3544 494 3594 «item
508 3559 550 3609 pro
564 3544 718 3607 benanoiiso,
729 3544 788 3608 etc.)
796 3559 804 3607 ;
819 3550 845 3594 at
858 3543 1010 3593 doctissimus
1024 3543 1124 3608 scriptor
1133 3558 1178 3594 non
1188 3543 1353 3595 animadvertit

291 3628 385 3679 litteras
408 3626 470 3691 illas,
481 3627 549 3689 cujus
574 3625 663 3674 mentio
681 3630 719 3675 est
739 3624 801 3689 apud
817 3623 984 3686 Flodoardum,
1000 3622 1097 3674 easdem
1116 3639 1215 3689 prorsus
1236 3641 1289 3676 esso
1305 3639 1352 3692 que

291 3715 385 3760 exstant
395 3707 482 3770 adbuc,
497 3721 596 3771 quamue
612 3705 643 3754 ab
657 3705 787 3755 Hinemaro
802 3705 896 3770 scripte
908 3709 965 3753 sunt
977 3718 1002 3754 a.
1013 3706 1070 3756 867.
1082 3705 1115 3754 V.
1129 3718 1212 3770 supra,
1229 3721 1254 3772 p.
1266 3709 1319 3758 2⁰6.

323 3793 347 3840 2.
366 3789 459 3852 Migne,
472 3793 492 3837 t.
504 3785 614 3845 CXXIV,
630 3799 654 3849 p.
670 3787 726 3834 886.

322 3873 346 3922 3.
366 3869 458 3931 Migne,
478 3867 537 3916 ibid.
552 3867 583 3917 Et
596 3865 715 3914 famosum
735 3863 815 3916 illude
834 3867 942 3926 «Reges
962 3865 1109 3915 Francorum
1130 3881 1159 3915 er
1182 3867 1251 3929 regio
1272 3879 1361 3941 maere.

291 3951 351 4013 nati,
365 3964 411 3999 non
425 3948 591 4014 episcoporum
603 3944 756 4007 vicedomini,
771 3945 812 3996 sed
828 3951 897 3996 terra
916 3944 1006 3995 domini
1021 3945 1136 3996 hactenus
1148 3946 1242 3997 inimus
1259 3961 1352 4014 compu-

289 4031 346 4081 tati.
362 4048 374 4077 s
391 4028 474 4094 (ibid.)

324 4113 348 4162 Ι.
366 4108 505 4173 «Tandem,
526 4109 582 4174 quia
601 4121 644 4157 ros
664 4120 711 4157 non
734 4105 823 4168 legisse
843 4105 882 4157 vel
902 4108 995 4158 audisse
1013 4105 1153 4169 collegimus
1175 4122 1205 4157 ex
1221 4108 1307 4158 litteris
1321 4105 1348 4154 ab

293 4189 396 4241 Actardo
410 4190 521 4255 episcopo
530 4189 598 4239 nobis
609 4187 702 4251 delatis,
718 4201 772 4252 que
790 4193 860 4237 antea
873 4203 917 4252 per
934 4187 1003 4238 illum
1019 4187 1158 4252 petemitati
1169 4193 1256 4238 vestre
1270 4186 1348 4236 diresi-

293 4285 356 4333 mus,
371 4271 456 4320 iterato
473 4270 599 4319 scribimus
612 4285 640 4318 ea
658 4283 711 4335 que
727 4273 784 4317 tunc
797 4267 977 4332 scripseramus,
992 4268 1147 4334 deprecantes
1166 4282 1238 4319 vos...
1253 4273 1279 4318 ut
1291 4264 1344 4316 tales

293 4349 481 4401 inhonorationis
496 4355 582 4401 nostre
597 4348 709 4416 epistolas
724 4348 829 4416 taliaque
849 4348 971 4413 mandata,
990 4349 1052 4398 siout
1074 4347 1189 4400 hactenns
1207 4363 1237 4400 or
1255 4346 1340 4398 comior
