2954 5050
477 397 640 450 euentus
661 398 903 452 OSTENDITUR
1178 405 1224 454 tea

202 538 245 608 Et
271 538 424 628 quidem,
451 539 478 608 si
505 540 697 610 Anastasius
724 541 766 612 de
800 541 854 612 illo
885 549 1014 612 tantum
1049 546 1223 633 exemplari

157 653 277 740 egisset
299 655 386 742 quod
407 655 618 743 dinumeras,
635 677 722 726 anno
741 658 820 745 863,
840 656 980 730 Romam
998 679 1055 750 per
1074 658 1223 730 Odonem

155 770 304 858 miserat,
326 780 550 842 commentum
571 791 670 844 suum
688 770 822 842 fortasse
845 775 979 862 celasset
1003 774 1141 844 diutius.
1169 777 1222 846 Ad

155 887 219 953 boe
233 885 321 954 enim
337 886 415 954 satis
437 895 505 956 erat
527 885 645 958 falsum
666 887 796 975 aliquod
810 886 981 958 Benedicti
1000 891 1134 959 nomine
1154 892 1225 980 pri·

155 999 314 1085 vilegium
352 1001 539 1090 confingere
570 1002 769 1092 mentirique
806 1004 887 1074 illud
919 1005 1080 1093 Romam,
1120 1007 1224 1078 missu

156 1113 348 1201 Hincmari,
369 1115 533 1185 elimasse
554 1116 715 1206 delatum;
738 1119 826 1206 quod
849 1129 935 1188 certe
958 1120 1027 1190 viro
1049 1120 1085 1190 in
1105 1121 1223 1192 biblio·

155 1231 250 1300 thece
263 1229 412 1300 Romana
427 1232 556 1301 assiduo
567 1253 634 1302 non
650 1233 730 1302 adeo
744 1233 874 1303 difficile
888 1235 1069 1305 videbatur.

202 1347 249 1414 At
271 1347 307 1414 in
329 1348 389 1416 boo
411 1356 525 1422 cautus
552 1351 650 1416 homo
673 1348 803 1422 incaute
826 1371 862 1418 ac
884 1359 1007 1420 temere
1032 1352 1112 1440 egit,
1136 1353 1224 1440 quod

155 1461 251 1529 finxit
267 1461 463 1536 Remensem
482 1463 758 1554 arehiepiscopum
774 1465 820 1534 sio
834 1464 989 1536 delevisse
1002 1475 1035 1534 et
1047 1467 1222 1558 addidisse,

123 1633 126 1638 .
156 1597 227 1647 non
240 1577 386 1650 modain
405 1577 460 1646 illo
474 1579 648 1668 exemplari
663 1580 750 1668 quod
762 1579 830 1650 sedi
852 1581 1032 1668 apostolice
1048 1582 1222 1673 obtulerat,

156 1692 215 1759 sed
229 1693 265 1758 in
279 1691 434 1762 omnibus
453 1693 552 1768 etiam
573 1695 811 1784 exemplaribus
832 1717 905 1784 quae
926 1697 1049 1784 ubique
1062 1706 1223 1768 ostentare

156 1809 287 1882 soleret.
305 1805 359 1878 Sic
378 1808 468 1881 enim
486 1809 547 1880 iste
564 1810 600 1880 in
617 1809 847 1897 Hincmarum,
874 1832 911 1882 ex
932 1811 1056 1880 Nicolai
1070 1833 1222 1902 persona,

157 1923 356 1997 adulteratas
371 1923 538 2004 Benedicti
554 1926 677 1998 litteras
693 1927 860 2015 jaciebat:
880 1927 961 1996 «Tu
982 1927 1081 2016 hujus
1102 1930 1223 2000 tenoris

156 2039 439 2115 circumstantiam
455 2039 496 2110 de
511 2041 617 2112 collati
632 2042 791 2128 privilegii
806 2052 894 2112 textu
908 2043 1019 2112 minus
1035 2043 1224 2131 simpliciter

156 2155 334 2244 excipiens,
350 2165 382 2224 et
399 2164 518 2226 nostrae
533 2157 650 2230 visioni
670 2157 876 2247 subduxeris,
894 2170 927 2228 ct
940 2158 1083 2226 altorem
1098 2159 1226 2228 notioni

155 2268 402 2342 subtraxeris...
417 2271 467 2339 Tu
481 2293 553 2360 que
567 2275 686 2344 horum
701 2283 757 2344 tuo
770 2273 879 2342 libitui
894 2275 1000 2344 favere
1015 2274 1220 2364 conspexisti,

157 2386 309 2454 omnium
324 2388 446 2455 notitiae
460 2387 637 2474 patefecisti
654 2411 663 2457 :
680 2411 755 2480 quse
770 2400 880 2456 autem
898 2389 982 2457 sedis
999 2401 1078 2458 suot
1093 2401 1224 2480 aposto·

156 2501 230 2574 lice
257 2515 421 2572 reservata
444 2503 533 2592 jun',
570 2515 762 2572 cunctorum
797 2504 927 2572 notioni
960 2505 1150 2574 subduxisti
1162 2507 1185 2575 ¹.
1200 2529 1217 2572 11

157 2618 254 2698 Quod
268 2617 393 2686 dictum
405 2617 576 2688 falsissime
592 2619 803 2688 manifestum
818 2629 878 2690 est.

157 2820 287 2888 excipiens,
301 2827 326 2872 et
342 2827 428 2872 nostre
445 2819 532 2872 visioni
545 2821 694 2884 subduxerit,
714 2826 740 2871 et
758 2821 859 2872 aliorum
872 2821 961 2872 notioni
982 2820 1133 2874 subtraxerit.
1148 2823 1224 2872 Inter·

158 2916 239 2952 serens
254 2901 417 2968 insuperque
431 2900 495 2952 idem
508 2917 617 2954 summus
631 2901 738 2966 pontifex
757 2907 799 2951 aut
814 2916 946 2966 nunquam,
960 2901 1089 2954 nataliter
1104 2907 1222 2952 sanxerat.

158 2983 211 3046 lpse
220 2996 326 3046 nemque
338 2981 368 3031 da
379 2981 517 3031 memoratis
531 2982 713 3034 diffinitionibus
723 2981 784 3032 dixit
797 2996 803 3030 :
815 2982 895 3032 flatos
906 2981 1007 3032 easdem
1017 2980 1223 3046 apostolicapre-

158 3063 310 3127 otulpamus
329 3064 387 3126 fore
402 3062 568 3130 auctoritate,
592 3077 739 3128 semperque
762 3077 866 3112 mouere
885 3063 1030 3125 statuimus,
1050 3067 1075 3112 et
1089 3062 1223 3128 sequentis,

158 3158 211 3208 quat
224 3145 276 3207 ipse
289 3143 387 3208 quidem
400 3142 469 3192 aliter
482 3144 574 3206 posuit;
591 3143 665 3193 frater
682 3157 738 3192 voro
756 3143 900 3192 llinemarus
913 3143 1022 3208 quedam
1036 3142 1134 3206 addens,
1156 3143 1225 3207 plura

158 3223 314 3288 subtrahens,
332 3222 371 3272 vel
392 3229 551 3284 commutans,
567 3223 636 3273 aliter
649 3229 788 3287 prosecutus
804 3229 849 3273 ost.
863 3240 876 3271 11
892 3222 982 3272 Nicolai
994 3224 1078 3288 Epist.
1092 3223 1130 3273 ad
1146 3223 1224 3288 episc.

157 3302 251 3368 synodi
262 3303 432 3370 suessionico,
441 3303 543 3366 (iligna,
570 3309 589 3353 t.
612 3303 697 3366 CXlX,
712 3318 737 3367 p.
754 3305 834 3366 1096).
847 3305 914 3353 Hanc
926 3303 1036 3352 eamdem
1050 3299 1223 3354 accusationem

158 3382 298 3434 Anastasius
322 3381 420 3445 repetit,
444 3382 473 3432 ad
493 3382 573 3446 ipsum
595 3382 754 3432 llincmarum
772 3381 856 3432 eodem
871 3387 978 3446 tempore
995 3381 1100 3430 scribens
1116 3380 1223 3446 (llligne,

158 3462 227 3525 ibid,
242 3476 267 3525 p.
279 3462 360 3524 1101).
375 3462 403 3513 ln
415 3475 462 3526 quo
475 3475 541 3524 sana,
555 3462 575 3510 si
589 3462 643 3526 quis
654 3461 720 3526 velit,
736 3468 762 3511 ut
775 3475 821 3523 ego
833 3461 895 3522 volo,
911 3461 1036 3512 Nicolaum
1054 3460 1084 3510 ab
1098 3461 1224 3512 Anmtasic

158 3542 298 3606 deceptum,
309 3555 355 3592 non
364 3541 472 3606 ejusdem
481 3541 572 3592 fraudis
582 3541 724 3606 participem
735 3542 818 3605 fuisse,
829 3557 926 3592 necesse
935 3547 972 3590 est
981 3547 1008 3592 ut
1017 3541 1037 3590 is
1046 3540 1160 3604 pontifex,
1172 3545 1223 3604 ant,

157 3637 219 3674 anno
232 3624 288 3686 863,
301 3621 374 3674 misso
390 3623 493 3674 Romam
507 3621 537 3670 ab
552 3622 682 3672 Hinomaro
695 3622 785 3688 scripta
798 3637 845 3672 non
867 3621 963 3684 legerit,
982 3626 1024 3674 sut
1036 3635 1118 3670 eorum
1130 3634 1223 3672 memo.-

157 3702 228 3763 riam,
241 3716 305 3751 anno
315 3703 360 3752 866
363 3737 372 3763 ,
382 3701 498 3758 amiserit.

189 3785 211 3833 l.
229 3780 324 3841 Quibus
341 3780 441 3848 scriptor
460 3781 596 3846 pontificius
610 3781 661 3832 heo
676 3781 763 3833 addit:
782 3799 793 3828 o
808 3783 936 3832 Testantur
948 3781 993 3832 hoc
1006 3779 1152 3844 exemplaria
1159 3782 1225 3844 ejus·

156 3863 214 3914 dem
227 3859 356 3925 privilegii,
370 3874 423 3925 que
435 3867 491 3910 sunt
503 3861 532 3912 ad
547 3860 629 3910 sedem
638 3861 791 3925 apostolieum
803 3862 897 3930 diverso
909 3867 1015 3924 tempore
1026 3860 1107 3911 missa.
1119 3877 1131 3906 1
1145 3861 1225 3920 (Nico

157 3941 187 3992 lei
203 3941 290 4005 Epist.
305 3940 341 3992 od
351 3939 526 4005 Hiocmorum,
541 3941 633 4005 iligna,
651 3949 671 3994 t.
686 3943 773 4005 CXIX,
792 3957 816 4008 p.
831 3941 911 4004 1105.)
926 3942 981 3994 Haec
995 3939 1093 4004 quidem
1108 3940 1138 3989 ad
1149 3940 1225 3992 Hinc·

157 4035 252 4070 marum
274 4018 400 4080 scribens;
423 4025 448 4069 at
469 4019 522 4070 aliis
544 4021 661 4086 episcopis
683 4037 735 4072 rem
754 4021 834 4086 alique
852 4018 961 4071 dissimili
983 4019 1073 4070 ratione
1092 4019 1224 4083 exposuit:

158 4107 326 4166 «Testantur,
349 4103 391 4166 ait,
405 4103 450 4152 hoo
473 4100 620 4165 exemplaria
641 4102 747 4164 ejusdem
762 4101 881 4165 privilegii
900 4114 953 4164 que
974 4099 1006 4148 ab
1027 4112 1055 4148 eo
1074 4099 1223 4164 (Hincmaro)

158 4191 214 4235 sunt
231 4183 262 4234 ad
277 4183 359 4234 sedem
371 4181 523 4248 apostolicam
540 4181 634 4232 diverso
647 4187 756 4246 tempore
772 4180 877 4230 missa.»
895 4178 997 4243 (Nicolei
1006 4180 1090 4238 Epist.
1102 4179 1138 4230 ad
1148 4182 1223 4246 episc.

158 4265 249 4328 synod.
264 4263 441 4326 Suessionicoe,
452 4262 545 4324 bligne,
555 4261 624 4324 ibid.,
639 4277 663 4326 p.
682 4261 762 4320 luet.)
