2944 5060
484 429 677 482 APPENDIX
702 428 848 481 ALTERA
1151 429 1196 478 335

134 589 304 630 conversam
317 590 379 630 csse
392 574 584 632 contendebat
599 575 668 630 olim
682 573 887 630 llcndreichius
905 573 935 628 in
949 555 1093 628 Pandectis
1107 573 1196 628 Bran·

134 671 280 764 declara,
294 690 323 744 p.
341 674 406 741 lom
429 675 458 727 at
478 673 600 728 sortasse
614 673 676 728 haec
692 672 789 744 agitur
804 671 928 742 Epistola
945 671 1043 741 cyrilli
1062 673 1143 726 Alea.
1160 670 1197 726 aa

133 771 276 841 Acacium,
299 787 364 842 quae
385 771 474 825 etiarn
494 771 525 825 in
549 769 668 826 concilio
691 788 794 827 oecnm.
816 771 866 826 Vll
886 769 1007 825 recitata
1029 772 1071 824 est
1085 767 1196 836 (Goleti,

135 870 156 921 t.
173 867 241 937 Vlll,
252 884 280 939 p.
294 869 364 940 851).
376 871 471 926 Passio
483 885 550 924 vero
566 870 595 926 S.
611 870 724 924 Acatlaii
739 868 786 939 (al.
800 867 895 924 Aeacii
909 870 938 922 et
949 866 1074 940 Achatii)
1085 868 1198 938 ejusque

133 967 277 1034 sonoram,
294 966 374 1037 cujus
385 967 532 1022 conversio
543 967 694 1023 Anastasio
705 966 919 1023 bibliothecario
934 965 1070 1021 tribuitur
1084 981 1102 1020 a
1113 966 1198 1020 Petro

135 1062 286 1119 Guillebno
299 1067 336 1133 (v.
354 1067 447 1122 Vitam
460 1065 592 1122 lobannis
608 1067 684 1134 VIII,
708 1082 754 1137 ap.
775 1064 897 1136 Vignoli,
913 1068 933 1120 t.
954 1064 1000 1132 III,
1020 1080 1049 1135 p.
1072 1065 1135 1131 258,
1162 1062 1197 1117 de

135 1177 193 1232 qua
215 1161 299 1232 plura
316 1161 375 1218 dixi
396 1163 426 1218 in
446 1165 573 1220 Formosa
594 1180 671 1233 meo,
693 1181 723 1236 p.
742 1163 847 1236 204-5),
866 1177 1011 1234 quamque
1025 1160 1198 1216 recentiores

135 1257 255 1330 quidam
270 1259 326 1333 (ex.
343 1276 400 1332 gn,
416 1261 569 1334 Fabricius,
583 1262 612 1319 in
626 1263 698 1318 Ribl.
715 1263 817 1329 Gracc,
830 1264 852 1316 t.
867 1261 898 1330 X,
913 1277 943 1332 p.
955 1263 1017 1328 605,
1031 1259 1153 1328 etBiihr,
1167 1258 1198 1312 in
1257 1257 1263 1264 '

135 1355 228 1412 Gescla.
244 1358 272 1414 d.
288 1366 356 1414 rim.
371 1360 452 1429 ctat,
474 1363 496 1416 t.
518 1361 566 1429 ΙΙΙ,
582 1377 611 1432 p.
633 1364 694 1428 265)
711 1359 868 1432 separatim
880 1357 1017 1427 referunt,
1033 1356 1105 1412 nihil
1120 1355 1198 1412 aliud

134 1457 178 1508 est
189 1471 278 1530 qnam
290 1458 386 1513 Passio
404 1458 610 1515 uocatam
621 1462 774 1528 martyrum
789 1473 875 1530 supra
889 1459 1063 1512 memorata.

168 1553 233 1608 Jarn
256 1570 322 1609 vero
344 1554 510 1610 Anastasius
528 1557 558 1612 in
577 1556 622 1611 his
643 1557 775 1612 omnibus
794 1553 1030 1611 translationibus
1047 1571 1076 1609 se
1095 1553 1198 1608 Graecis

133 1649 259 1706 fideliter
272 1651 434 1722 adbaesisse,
446 1671 499 1710 neo
514 1653 674 1726 quidquam
686 1653 830 1710 addidisse
840 1656 890 1709 aut
898 1652 1046 1708 abstulisse
1060 1651 1198 1723 gloriatus

134 1751 186 1803 est.
197 1749 318 1819 Etenim,
329 1768 364 1806 ne
372 1752 465 1823 plura,
478 1751 517 1807 sic
526 1753 575 1807 ille
587 1751 617 1806 in
624 1752 795 1808 Praeiatione
803 1751 1032 1822 Cironoarapln‘a
1038 1751 1197 1821 tripertita:

137 1847 233 1902 «nihil
245 1865 345 1904 meum
355 1849 385 1906 in
395 1851 450 1906 hoc
459 1867 576 1922 prorsus
586 1851 728 1906 insertum
737 1865 882 1921 praenosce
893 1871 908 1902 »
920 1847 976 1918 (ed.
990 1848 1025 1903 dc
1035 1849 1119 1915 Bocr,
1128 1849 1150 1901 t.
1165 1847 1197 1916 ll,

133 1955 163 2010 p.
184 1942 239 2008 35).
255 1941 287 1996 ln
302 1959 359 2014 qno
374 1959 442 1999 sene
458 1943 523 2010 ista,
541 1944 587 1998 cui
602 1945 705 2000 saltem
719 1945 781 1999 haee
795 1959 853 1999 non
868 1943 946 1998 mala
964 1941 1084 1997 ambitio
1099 1939 1155 1994 init
1167 1941 1199 1994 ut

133 2051 295 2106 graecarum
309 2039 471 2095 litterarum
485 2039 675 2112 peritissimus
688 2042 848 2112 putaretur,
859 2038 952 2094 verius
962 2054 1050 2110 quarn
1060 2039 1091 2092 in
1100 2036 1198 2093 multis

133 2133 197 2188 aliis
209 2134 321 2192 videtur
335 2136 438 2193 dixisse
455 2136 491 2209 (v.
507 2136 542 2192 de
557 2139 641 2206 Boor,
657 2153 702 2209 op.
720 2137 779 2206 cit.,
795 2138 816 2192 t.
831 2137 864 2204 ll,
880 2152 909 2207 p.
926 2137 978 2190 loo
993 2136 1084 2206 sqq.);
1102 2132 1198 2206 potins

132 2232 276 2289 notandus
293 2238 377 2304 esset,
393 2234 470 2307 qnod
483 2235 601 2290 obscure
616 2234 772 2307 aliquando
787 2249 820 2290 ec
836 2233 957 2289 barbare
971 2248 1067 2304 graeca
1077 2247 1197 2288 conver-

131 2332 212 2389 terit.
240 2332 310 2388 Huic
335 2332 434 2405 igitur,
459 2332 483 2388 si
506 2333 543 2389 ed
569 2335 625 2389 hoc
650 2334 744 2389 solnm
769 2348 861 2404 genus
890 2330 985 2404 operis
1012 2328 1196 2398 incubuisset,

130 2428 233 2485 laudes
248 2433 278 2485 et
290 2431 399 2502 gratias
412 2430 473 2486 sine
493 2447 603 2502 magna
620 2431 829 2503 vituperatione
850 2430 1015 2501 egissemus,
1030 2444 1198 2500 quanquam

132 2543 170 2582 ex
194 2527 229 2583 iis
254 2545 317 2600 quaa
335 2528 500 2585 Anastasius
524 2530 559 2585 de
585 2529 690 2586 Graecis
712 2529 743 2586 in
761 2528 883 2585 latinam
904 2528 1035 2598 linguam
1052 2525 1199 2582 transtulit

131 2626 274 2682 nonnulle
291 2631 358 2684 suni
378 2629 519 2697 sabulosa,
539 2644 592 2684 nec
606 2631 668 2685 tam
682 2627 719 2684 ad
730 2626 929 2684 illustrandam
944 2626 1082 2700 quemad
1096 2625 1197 2682 obscu-

131 2722 256 2780 randam
267 2724 418 2782 historiam
431 2725 549 2784 idonea.

222 2905 260 2967 Π.
282 2938 322 2951 -·
341 2923 504 2967 ANASTASH
525 2924 628 2968 OPERA
647 2923 764 2968 nnuma
784 2921 940 2966 ottericum
962 2921 1105 2965 couner.

170 3067 277 3122 Praeter
299 3067 428 3138 melopos
453 3067 500 3122 vel
524 3067 704 3136 Praefatiancs
732 3064 891 3136 epistolares
917 3063 953 3118 de
981 3062 1085 3135 quibus
1110 3080 1198 3136 snpra

133 3162 268 3234 diximus,
281 3165 425 3221 Anastasii
439 3166 512 3221 nihil
526 3167 619 3221 exstat
633 3163 712 3220 aliud
724 3163 812 3219 latine
825 3161 1016 3234 compositum
1029 3161 1085 3216 nisi
1101 3178 1108 3217 ε

172 3261 200 3317 l'0
218 3265 344 3334 Epistola
357 3263 394 3319 ad
405 3264 526 3320 Adonem
541 3264 774 3338 archiepiscopum
787 3263 975 3328 Viennensem,
988 3258 1024 3314 de
1037 3275 1094 3331 qua
1107 3257 1199 3314 multe

133 3359 194 3415 dixi
208 3359 238 3415 in
250 3361 306 3416 hoc
318 3377 419 3434 opere3

170 3462 199 3512 2⁰
218 3459 351 3531 Epistulae
365 3459 431 3524 illac,
448 3475 519 3532 quas
532 3458 709 3528 Anastasius,
731 3459 763 3512 ut
784 3473 871 3529 supra
885 3453 1014 3529 probavi,
1030 3471 1066 3510 ex
1079 3452 1198 3510 nomine

133 3573 168 3614 ac
182 3574 305 3630 persone
322 3557 430 3614 Nicolai
446 3561 466 3626 l,
482 3556 619 3613 Hadriani
637 3558 671 3626 ll,
693 3559 791 3629 etque,
812 3559 844 3610 ut
862 3555 898 3612 de
920 3553 1006 3610 certis
1026 3552 1198 3626 quibusdam
1306 3559 1307 3563 ’

132 3653 179 3710 rix
193 3653 319 3710 dubitari
334 3657 437 3728 potest,
451 3653 588 3710 Iohannis
601 3654 661 3710 Vlll
676 3651 854 3726 conscripsit.

153 3843 206 3905 ΙΙΙ.
234 3877 273 3888 -
301 3861 401 3905 ornan
425 3861 497 3904 rnna
525 3860 600 3908 oum
628 3857 799 3903 auasrasro
829 3855 1086 3900 eremornacanro
1115 3853 1177 3898 aar

249 3965 346 4010 rasso
368 3966 430 4010 aar
453 3966 521 4010 amn
541 3965 677 4008 narroun
698 3964 813 4008 roenna
833 3963 1082 4006 anscmnnurnra

171 4100 196 4156 t.
220 4101 289 4158 Vitae
307 4102 488 4156 Romanarum
501 4099 674 4168 Pontificum,
687 4096 744 4152 sive
760 4095 1020 4166 libcrpontilicalis,
1037 4110 1055 4149 a
1070 4093 1098 4150 S.
1114 4093 1197 4148 Petro

133 4196 172 4252 ad
183 4195 360 4254 Hadrianum
376 4199 415 4266 ll;
431 4194 466 4251 de
482 4194 586 4267 quibus
601 4211 650 4250 eas
663 4211 726 4267 quae
746 4192 782 4249 ad
796 4193 905 4282 Nicolai
921 4195 930 4246 l
953 4192 1116 4248 decessores
1130 4206 1197 4264 per·

130 4294 239 4364 tinent,
250 4294 286 4350 ab
296 4293 445 4351 Anastasio
458 4309 517 4348 non
529 4308 589 4348 esse
602 4291 774 4364 compositas
788 4308 841 4348 aec
855 4292 990 4347 collectas
1003 4289 1122 4362 quidem
1134 4288 1197 4360 jam
