2960 5052
265 419 295 468 28
688 414 907 468 PROOEMHJM

265 568 433 652 πρεσὸυτέρῳ
450 568 495 629 καὶ
509 567 711 653 βιὸλιοθηκαρίῳ
728 566 848 649 Ῥώμης,
870 558 1060 628 Anastasio
1072 560 1282 647 presbytero
1299 564 1335 628 el

265 685 533 754 bibliothecario
548 683 672 752 Romae
683 684 705 752 1.
724 709 741 746 n

311 814 343 878 3.
370 808 485 878 Tertio
509 809 555 878 ad
576 811 669 878 huno
688 809 831 877 modum
849 807 957 895 objici
976 813 1094 896 potest
1116 829 1124 875 :
1144 811 1264 879 «Cum
1287 826 1336 876 ex

268 935 380 1002 altera
393 939 494 1021 parte
513 954 585 1003 non
605 933 746 1002 dubium
763 933 807 1001 sit
824 933 906 1021 quin
921 932 1132 1001 Anastasius
1151 932 1336 1001 bibliothe

268 1058 385 1128 carius
401 1059 555 1146 aliquam
569 1058 757 1143 abbatiam,
777 1057 914 1127 Nicolai
933 1059 948 1124 Ι
968 1057 1197 1145 temporibus
1220 1056 1334 1125 admi-

267 1183 481 1265 nistraverit,
497 1203 542 1252 ex
557 1185 669 1252 altera
692 1188 810 1250 autem
827 1187 928 1270 parte
953 1187 1050 1251 certo
1071 1187 1210 1250 constet
1228 1199 1334 1269 pres-

268 1309 430 1395 byterum
445 1310 478 1376 S.
494 1307 652 1375 Marcelli
664 1306 710 1374 ad
723 1307 873 1393 gradum
889 1306 1148 1375 sacerdotalem
1162 1325 1234 1374 non
1251 1309 1334 1374 ante

270 1431 575 1501 consecrationem
596 1431 765 1499 Hadriani
785 1434 817 1499 II
837 1431 1001 1516 rediisse,
1026 1450 1145 1499 nonne
1166 1431 1246 1498 haec
1262 1431 1332 1500 duo

266 1556 359 1624 inter
374 1576 413 1624 se
432 1555 629 1624 dissident?
652 1555 828 1643 Numquid
851 1555 928 1623 fieri
943 1555 1055 1643 potuit
1075 1560 1113 1622 ut
1130 1554 1331 1623 NicolausI

266 1682 477 1769 presbytero
504 1680 665 1768 deposito
702 1679 828 1767 cuique
860 1680 975 1748 adhuc
1005 1679 1227 1748 interdictum
1256 1686 1333 1749 erat

268 1806 481 1874 sacerdotali
493 1806 751 1889 communione,
762 1806 959 1890 regendum
970 1804 1224 1874 monasterium
1240 1823 1333 1874 com-

266 1931 425 2000 miserit?
440 1954 456 1996 n

311 2059 377 2125 Ast
413 2062 531 2124 autem
567 2057 692 2123 harum
733 2073 854 2122 rerum
890 2073 961 2121 non
997 2054 1111 2122 solum
1145 2055 1242 2122 nulla
1277 2060 1332 2122 est

267 2180 515 2269 repugnantia,
540 2199 663 2246 verum
688 2178 794 2246 etiam
814 2177 850 2244 id
870 2179 1002 2246 factum
1030 2197 1113 2246 esse
1136 2178 1331 2246 secundum

269 2301 560 2371 consuetudinem
600 2301 693 2369 illius
723 2301 905 2388 temporis,
941 2300 1010 2369 imo
1040 2300 1152 2389 ipsius
1180 2300 1330 2386 Nicolai,

268 2425 383 2494 ausim
404 2425 629 2493 contendere.
656 2424 791 2493 Etenim
807 2425 1011 2508 Zacharias,
1031 2425 1222 2513 episcopus
1236 2429 1331 2495 Ana·

268 2549 410 2636 gninns,
433 2569 537 2636 quem
559 2550 725 2619 Nicolaus
744 2551 922 2638 papaide
946 2550 1060 2635 gradu
1084 2549 1332 2638 episcoporum

269 2674 450 2764 deJ'ecerat
465 2674 627 2762 omnique
649 2679 851 2742 removerat
871 2689 974 2742 sacro
989 2673 1184 2742 ministerio
1195 2672 1220 2759 ²,
1236 2674 1334 2762 ejus·

268 2801 349 2869 dem
362 2799 537 2889 pontificis
548 2798 667 2886 jussu,
685 2797 902 2866 monasterio
912 2799 947 2866 S.
966 2798 1128 2885 Gregorii
1143 2799 1188 2866 ad
1203 2798 1331 2867 clivum

269 2928 391 2996 Scauri
418 2929 632 3016 praepositus
659 2933 715 2995 est
727 2925 750 3011 ³,
780 2932 883 3013 atque
909 2926 959 2994 illi
985 2932 1020 2995 et
1044 2927 1233 2996 Anastasio
1259 2933 1332 2996 tam

269 3049 390 3119 similis
406 3053 549 3120 fortuna
571 3051 648 3138 fuit,
665 3056 713 3135 ut,
734 3055 923 3138 postquam
945 3051 1047 3118 ambo
1065 3051 1168 3119 simul
1184 3052 1331 3120 abbates

268 3173 539 3260 laicivixissent,
552 3176 597 3243 ad
607 3173 888 3243 ecclesiasticam
899 3174 1192 3260 communionem,
1205 3175 1331 3243 eadem

269 3296 336 3380 die,
356 3298 399 3365 ab
422 3297 599 3366 Hadriano
621 3301 653 3365 11
680 3296 814 3385 recepti
840 3295 941 3364 sint⁴.
971 3300 1084 3385 Atque
1110 3300 1202 3368 hanc
1226 3299 1331 3368 etiam

269 3420 560 3490 consuetudinem
584 3427 684 3490 extra
708 3420 843 3489 Italiam
871 3426 944 3489 tum
962 3422 1132 3510 temporis
1157 3423 1328 3510 viguisse,

267 3546 496 3615 Hincmarum
517 3547 689 3614 habemus
710 3550 849 3631 testem,
870 3545 930 3632 qui
944 3545 988 3614 de
1001 3547 1177 3633 Rothado,
1195 3548 1330 3638 episeo-

301 3718 324 3764 l.
337 3715 365 3767 V.
380 3713 472 3776 iligna,
487 3713 518 3763 P.
530 3714 571 3776 G.,
589 3717 611 3763 l.
627 3713 680 3774 Cll,
698 3727 722 3778 p.
734 3714 789 3764 8²17.

300 3797 323 3846 2.
340 3797 377 3845 ln.
391 3809 414 3846 a.
433 3796 477 3845 863
501 3793 534 3858 (ι.
547 3793 620 3857 saus,
640 3793 710 3858 Κεφ,
724 3807 780 3843 nor.
794 3790 843 3852 ed,
868 3806 893 3856 p.
913 3792 1033 3858 351),ve1
1050 3809 1087 3848 cx.
1109 3810 1132 3846 a.
1147 3797 1193 3846 862
1215 3799 1252 3858 (ι.
1269 3795 1333 3846 intra

268 3887 294 3924 c.
312 3877 363 3936 ιιι).
884 3921 892 3934 ,

300 3953 345 4000 aa
358 3951 501 4002 Reverendo
514 3965 609 4016 quoque
622 3949 743 3999 memorias
756 3946 846 3998 Nioolai
867 3950 987 4013 pontilicis
1003 3957 1119 4016 tempore,
1141 3952 1250 4015 regimen
1265 3953 1332 4016 ejus·

269 4028 324 4079 dem
334 4033 469 4082 monasterii
486 4031 602 4082 Zacharia
614 4030 718 4079 ciuitatis
727 4028 860 4088 Anagniae
869 4030 977 4093 presule,
988 4031 1051 4081 sicut
1062 4031 1133 4083 hodie
1145 4039 1261 4097 superest,
1275 4047 1332 4098 pro-

269 4115 376 4159 curante.
393 4128 405 4158 ι
419 4111 533 4163 lobannis
548 4107 647 4162 Diacdni
672 4111 729 4160 Vile
745 4109 864 4172 Greporii
880 4109 978 4174 Mopsi,
995 4110 1013 4160 l.
1038 4113 1083 4176 lv,
1097 4128 1119 4162 c.
1135 4125 1200 4164 xum
1226 4112 1333 4178 (ilique,

270 4189 299 4240 P.
316 4189 355 4251 L.,
370 4196 388 4239 t.
406 4192 500 4255 LXXV,
515 4207 539 4256 p.
555 4191 621 4254 aad).

302 4271 326 4320 l.
342 4269 373 4318 V.
392 4270 448 4320 Vita
459 4271 587 4322 Hadriani
601 4272 634 4334 ll,
644 4285 666 4320 c.
681 4281 708 4324 x.
724 4270 754 4322 V.
770 4282 851 4334 supra,
865 4283 889 4333 p.
900 4271 924 4334 6,
940 4285 963 4321 n.
980 4274 994 4322 6
