2944 5060
243 423 288 471 328
609 418 801 469 Arruuulx
826 418 939 468 PRIOR

243 564 295 618 hus
309 560 458 634 impetitur
470 562 553 617 nobis
564 577 663 618 coram
676 560 784 634 synodo
800 561 944 616 rationem
959 563 1064 632 ponat3
1081 559 1174 632 etqui
1188 575 1254 614 cum
1273 577 1313 615 eo

243 651 274 707 in
289 651 444 720 locutione,
466 649 530 706 cibo
548 651 593 705 vel
612 653 681 722 potu
704 649 967 718 communicaverit,
988 649 1052 721 pari
1071 649 1313 704 excommunica-

242 739 323 795 tione
349 756 415 795 cum
435 756 469 794 eo
489 741 623 794 teneatur
645 756 783 806 annexus,
809 739 877 811 quia
895 755 946 810 pro
970 755 1003 794 eo
1031 737 1108 811 quod
1128 738 1233 794 albore
1254 739 1313 792 se¹

242 832 356 901 petens,
372 827 449 900 quod
469 827 524 884 sihi
536 827 642 883 totiens
655 827 838 883 interdictum
852 826 957 896 luerat,
972 829 1082 882 temere
1099 826 1257 898 usurpavit,
1275 843 1315 882 ac

243 917 362 973 vetitum
385 919 480 972 locum
504 916 680 988 conscendit,
705 917 774 972 satis
797 919 894 972 nostra
925 916 1045 973 ecclesia
1068 915 1260 972 murmuravit
1281 919 1317 971 et

243 1010 415 1062 murmurat.
439 1005 513 1062 Sane
527 1006 550 1062 si
561 1007 606 1062 vel
622 1006 657 1061 ab
678 1007 747 1062 urbe
768 1006 861 1062 Roma
882 1005 1050 1078 quantisper
1064 1004 1236 1075 discesserit,
1261 1006 1316 1061 vel

242 1096 435 1152 sacerdotium
442 1097 486 1152 vel
496 1095 658 1151 clericalem
669 1095 795 1167 aliquem
803 1094 937 1151 ordinem
946 1095 1004 1150 sive
1011 1094 1206 1150 ministerium
1218 1094 1317 1166 quod-

192 1237 193 1242 ,
242 1186 313 1242 libet
326 1188 459 1260 repetere
473 1188 524 1241 aut
534 1184 655 1256 recipire
674 1184 900 1258 praesumpserit,
915 1183 982 1257 quie
998 1187 1099 1239 contra
1110 1186 1218 1238 statuta
1233 1200 1314 1255 prae-

242 1275 369 1331 latorum
395 1275 551 1346 praesulum
575 1277 735 1347 contraque
756 1274 961 1348 jusjurandum
983 1273 1060 1346 quod
1082 1272 1228 1345 pollicitus
1253 1277 1312 1340 est,

243 1379 403 1435 numquam
417 1380 447 1418 se
469 1363 504 1418 ab
518 1363 589 1418 urbe
609 1365 672 1434 plus
686 1365 721 1420 40
739 1363 854 1419 milibus
870 1363 1078 1430 abscessurum,
1099 1377 1153 1417 uec
1172 1361 1314 1417 sacerdo-

242 1452 316 1508 tium
349 1453 393 1507 rel
419 1451 544 1523 gradum
568 1452 707 1509 clericalis
737 1469 798 1508 esse
830 1451 982 1507 ministerii
1010 1450 1182 1524 petiturum,
1213 1451 1315 1506 lacere

242 1539 396 1609 videbitur,
409 1557 476 1596 cum
491 1543 625 1599 omnibus
639 1541 795 1597 factoribus
809 1540 1009 1597 consentaneis
1022 1543 1051 1595 et
1065 1539 1238 1612 sequacibus
1252 1539 1316 1595 suis

244 1629 422 1686 anathemati
436 1631 556 1702 pereuni
569 1631 724 1703 subjaceat.
747 1632 863 1687 Prolata
876 1630 907 1685 in
919 1632 1072 1702 conspectu
1090 1628 1179 1685 totius
1203 1633 1315 1686 sanctae

244 1720 381 1776 Romauae
395 1720 522 1775 ecclesiae
542 1723 608 1776 ente
621 1721 698 1776 hunc
717 1720 852 1776 eumdem
878 1719 1061 1775 Anastasium
1080 1718 1158 1791 apud
1174 1719 1315 1774 Sanctam

243 1810 403 1866 Praxedem
417 1809 553 1882 positum,
570 1827 647 1866 anno
660 1809 959 1883 pontificatussdomui
975 1808 1094 1864 Adriani
1111 1808 1222 1864 summi
1235 1825 1316 1880 pon-

243 1897 328 1954 tilicis
342 1901 372 1955 et
381 1898 549 1956 universalis
560 1915 644 1973 papae
655 1899 760 1972 primo,
774 1916 827 1972 per
837 1916 865 1955 iv
876 1898 941 1954 idus
951 1897 1091 1962 Octobris,
1107 1896 1266 1954 indictione
1276 1915 1314 1954 ιι.

276 2086 300 2136 l.
318 2083 381 2136 illud
395 2085 504 2137 «altiora
514 2101 565 2136 seu
580 2086 687 2137 conserua
700 2100 755 2136 cum
768 2085 797 2136 iis
810 2099 864 2151 qua
876 2086 1019 2138 Anastasius
1032 2083 1231 2137 bibliothecarius
1245 2083 1276 2134 de
1289 2099 1319 2134 se

244 2167 298 2310 'ppse
321 2167 442 2218 confessus
464 2173 503 2218 est
522 2167 548 2218 iu
567 2167 724 2232 Praesationc
740 2167 779 2218 cd
800 2168 883 2219 Vitam
907 2168 935 2218 8.
960 2167 1086 2220 rosamo
1107 2166 1319 2230 Eleemosymria'

258 2260 281 2296 r.
293 2259 374 2310 supra,
386 2261 413 2312 p.
424 2247 476 2312 25).
