2954 5050
525 435 545 487 F
550 433 702 486 OR'l'UNh
727 434 842 487 VARlA
1168 441 1213 490 2l³

152 590 296 672 paverat,
313 602 379 649 aon
396 580 493 649 modo
508 600 573 648 aaa
594 579 747 665 concidit,
768 600 879 650 verum
900 583 1092 672 ampliorem
1110 583 1210 652 etiam

151 701 262 769 locum
276 697 362 788 apud
377 697 488 767 sedem
504 696 709 786 apostolicam
723 696 945 792 majoremque
958 699 1118 789 pontificis
1127 720 1213 770 asse-

151 825 248 885 cutos
262 825 311 886 est
325 815 478 886 lavarem.

199 932 301 1022 Cujus
309 930 647 1003 Arsanianaelortunae
656 931 801 1020 primum
813 940 928 1002 testem
936 934 1094 1003 habemus
1104 934 1214 1024 ipsam

152 1051 380 1139 Anastasium,
396 1049 454 1138 qai
466 1047 594 1139 parenti
606 1069 666 1117 suo
690 1057 816 1116 tantam
837 1070 913 1117 cum
939 1048 1106 1119 Hadriano
1133 1073 1215 1141 papa

151 1166 408 1238 familiaritatem
421 1165 520 1235 fuisse
534 1163 699 1234 confessus
714 1173 774 1254 est,
791 1175 828 1234 ut
848 1175 959 1255 aperte
975 1167 1097 1237 diceret
1115 1167 1214 1257 hujus

149 1283 314 1372 pontificis
329 1283 475 1352 animam
489 1302 524 1350 ex
541 1281 651 1351 anima
670 1281 802 1351 Arsenii
814 1281 957 1373 pendere
967 1283 991 1354 ¹.

195 1400 239 1468 Et
256 1421 344 1488 vero,
362 1408 401 1468 ut
415 1398 601 1471 Hadrianus
627 1395 659 1466 ll
682 1397 722 1465 ad
736 1397 965 1484 gubernacula
987 1401 1128 1471 ecclesiae
1148 1400 1217 1470 Ro·

151 1538 258 1588 maaae
275 1515 370 1604 sedit,
382 1516 430 1585 illi
443 1515 622 1585 Arsaniam
644 1515 771 1584 adstare
793 1514 953 1605 videmus,
979 1526 1011 1585 et
1036 1517 1214 1607 consiliari,

151 1643 186 1704 et
199 1632 373 1722 aliquando
387 1633 485 1701 etiam
501 1631 686 1700 imminere.
705 1629 768 1699 Per
786 1633 874 1700 hunc
895 1633 1083 1722 episcopum
1106 1634 1214 1703 aditus

150 1750 193 1824 ad
220 1769 390 1820 summum
415 1747 606 1837 pontificem
640 1755 672 1815 et
698 1746 936 1816 commendatio
959 1747 1105 1839 facilior;
1136 1751 1214 1821 huic

148 1865 293 1955 gerenda
304 1863 623 1950 mandanturmagni
632 1863 790 1931 momenti
801 1865 942 1951 negotia.
954 1863 1004 1933 lta
1013 1866 1213 1938 hincmarus

148 1983 343 2071 Arsaniam,
353 1981 447 2049 donis
457 1990 553 2069 atque
563 1978 729 2048 blanditiis
739 1980 1113 2070 allectum,laudatorem
1125 1981 1213 2071 apud
1230 2023 1232 2028 ·

149 2099 357 2168 Hadrianum
383 2095 415 2165 11
445 2096 752 2184 deprecatoremque
783 2095 936 2165 haboit2.
969 2095 1030 2165 Cui
1060 2098 1212 2167 nonnihil

148 2216 249 2284 etiam
275 2213 459 2283 debuerunt
481 2210 651 2280 clarissimi
681 2208 853 2279 Slavorum
877 2211 1024 2301 apostoli,
1051 2211 1214 2301 Cyrillus³

149 2340 249 2420 atque
268 2329 464 2417 MethodiuS,
485 2327 639 2416 Romam,
664 2327 800 2396 ineunte
824 2326 984 2397 Hadriani
1006 2328 1212 2418 pontificata,

148 2470 226 2519 cam
253 2448 321 2548 suis
348 2446 498 2536 pluribus
523 2443 664 2533 ingressi
673 2442 697 2513 ⁴.
721 2442 806 2515 Nam
829 2467 904 2514 cum
932 2449 1054 2516 eoram
1071 2447 1213 2520 adventu

147 2569 217 2640 hac
231 2585 284 2634 res
298 2565 385 2634 inter
397 2564 563 2632 Romanas
578 2562 695 2648 agitari
709 2563 870 2654 coepisset,
892 2563 1047 2636 liceretne
1062 2565 1098 2634 ia
1113 2567 1212 2636 sacris

147 2682 268 2751 ritihus
293 2680 441 2768 linguam
469 2678 620 2747 slavicam
650 2679 820 2768 usurpari,
846 2679 1006 2762 Arsanias
1036 2699 1054 2747 a
1082 2683 1212 2750 summo

147 2799 301 2889 pontifice
321 2797 463 2865 delectas
486 2794 613 2883 estqui
636 2794 671 2862 in
695 2795 783 2866 Urhe
811 2794 962 2882 liturgias
982 2795 1023 2864 ab
1047 2795 1111 2864 illis
1134 2818 1212 2885 apo·

147 2920 238 2991 stolis
253 2917 368 2988 slavica
379 2916 556 2986 celebratas
572 2935 714 3004 praesens
729 2916 902 3006 inspiceret
915 2925 948 2984 et
964 2915 1208 2986 comitaretur.⁵.

179 3131 203 3178 l.
222 3127 250 3175 V.
263 3123 383 3176 anastasii
397 3121 539 3188 Epistulam
551 3121 587 3172 od
601 3121 725 3184 Adonem,
738 3119 810 3184 infra,
823 3134 848 3185 p.
860 3121 916 3179 228,
929 3125 955 3171 et
964 3119 988 3170 ia
1000 3121 1139 3187 Appendice
1152 3125 1173 3175 l.

178 3211 203 3258 2.
221 3207 252 3256 V.
262 3205 377 3258 Hadriani
386 3207 408 3256 ll
418 3203 561 3269 Epistulam
571 3203 607 3254 od
616 3203 788 3263 Hiarmaram,
799 3216 848 3267 pam
858 3215 931 3268 supra
939 3202 1037 3252 citatam
1047 3203 1072 3254 in
1081 3205 1207 3267 Prooemio,

166 3324 172 3340 .
188 3289 228 3338 13.

145 3304 162 3356 p
178 3372 203 3421 3.
221 3369 268 3429 Qui
277 3368 350 3418 etiam
362 3372 415 3417 tum
426 3365 605 3426 Constantinus,
615 3370 667 3414 turn
683 3363 841 3429 Philosophus
855 3362 997 3428 appellatur.
1009 3364 1040 3414 V.
1055 3365 1139 3416 Vitam
1153 3380 1210 3416 cam

147 3448 325 3501 Translatione
337 3447 363 3498 S.
381 3445 523 3508 Clementia,
541 3459 563 3493 a.
578 3456 596 3494 x
614 3444 664 3508 (ap.
684 3443 776 3506 Ginzcl,
791 3442 936 3494 Geaehiclrte
950 3443 998 3494 der
1010 3442 1211 3510 Sloweaapostel

146 3528 231 3594 cyrill
244 3529 299 3579 aad
308 3525 420 3589 Method,
437 3528 466 3576 2ι
474 3524 543 3588 edit,
556 3524 580 3573 ia
592 3523 688 3584 Codice,
703 3539 727 3589 p.
740 3524 789 3589 la).

177 3614 202 3660 l.
220 3610 253 3660 V.
269 3609 354 3658 Vitam
367 3621 423 3656 com
438 3605 644 3656 Troaalotioaes.
655 3603 799 3664 Clementia,
813 3603 882 3668 iaia,
897 3620 922 3669 p.
938 3607 1005 3667 9-10;
1022 3605 1053 3655 ai.
1064 3605 1210 3672 dependam

124 3681 311 3750 'anavarza
328 3685 523 3750 0.v1(rara.,p.
540 3685 589 3749 aa).

178 3775 203 3822 5.
222 3787 236 3818 a
287 3773 413 3834 postquam
423 3765 553 3816 consecrati
563 3769 619 3814 suut
628 3764 737 3830 (apostoli
747 3764 856 3829 Slavici),
869 3763 934 3815 illico
946 3764 1067 3827 liturgiam
1077 3766 1102 3816 ia
1111 3767 1211 3817 ecclesia

145 3852 224 3904 sancti
243 3846 342 3915 aposloli
361 3847 427 3897 Petri
443 3845 571 3897 Slcreaica
586 3845 670 3907 lingua
683 3845 829 3905 cecinerunt,
845 3851 870 3894 et
885 3850 999 3910 sequente
1014 3844 1053 3895 dia
1072 3846 1211 3897 cecinerunt

145 3935 172 3986 iu
181 3931 283 3983 ecclesia
296 3933 382 3979 sancta
391 3925 535 3988 Petronium,
547 3932 572 3975 et
585 3930 698 3990 sequente
708 3926 846 3975 cecinerunt
859 3925 884 3975 ia
898 3924 998 3974 ecclesia
1011 3926 1087 3975 sancti
1099 3925 1209 3993 Andreas,
1232 3975 1234 3979 .

147 4030 176 4066 ac
188 4013 245 4062 deia
255 4011 280 4060 in
294 4007 393 4058 ecclesia
402 4006 485 4068 magni
494 4005 596 4055 doctoris
609 4005 719 4055 catholici
731 4005 800 4055 Pauli
814 4003 922 4069 apostoli,
938 4009 963 4052 et
974 4019 1016 4069 per
1029 4010 1105 4056 totam
1116 4015 1211 4060 noctem

147 4094 288 4146 cecinerant
300 4088 461 4152 glorificantes
471 4084 603 4149 Sloveaicc,
615 4091 637 4136 at
650 4092 765 4151 sequente
778 4085 817 4135 die
827 4086 915 4134 iterum
927 4083 1050 4146 liturgiam
1060 4101 1132 4152 super
1140 4104 1210 4140 saac-

146 4181 203 4225 tum
214 4173 267 4235 ejas
283 4167 428 4234 sepulcrum,
442 4166 519 4230 adjuti
533 4166 563 4214 ab
573 4167 671 4216 arsenio
682 4165 800 4230 episcopa,
816 4164 857 4229 qai
871 4179 899 4213 ex
913 4169 1006 4228 septem
1019 4172 1072 4215 erat
1084 4168 1210 4235 episcopis,

145 4261 172 4305 et
195 4252 226 4302 ah
245 4248 371 4302 Anastasio
391 4245 604 4298 hiblIothecario.»
626 4247 682 4296 Vita
705 4244 877 4306 Constantini,
894 4259 917 4294 a.
935 4243 1055 4311 xvr1(ap.
1074 4249 1210 4316 Dimmler,

147 4335 195 4388 Die
213 4329 330 4400 Leqeade
348 4342 406 4378 com
427 4325 534 4392 heiliqen
550 4325 673 4394 cyrillae,
694 4325 720 4376 in
739 4323 936 4392 Dcolachrdstea
951 4325 1000 4378 der
1012 4326 1149 4381 Alcademie
1164 4330 1211 4381 der
