2960 5052
282 479 311 526 tu
579 478 626 528 DE
647 478 850 530 nulsndstt
876 480 1048 543 ORlGlNli,

281 621 457 707 Prologum
479 619 664 706 coniecerit,
685 621 786 706 quaeri
805 630 929 709 potest3
953 631 1088 690 atcerte
1106 621 1276 689 nonidem
1297 631 1354 688 est

279 746 375 822 etque
394 735 510 822 Ursus,
542 735 712 803 Romanus
740 735 897 803 medicus.
922 735 1016 804 Mitto
1034 757 1134 824 quum
1160 736 1201 803 sit
1224 758 1353 822 parum

241 855 243 860 '
277 850 465 918 verisimile
493 860 530 918 ut
554 850 620 917 dux
645 850 836 938 Neapoleos‚
864 872 940 918 cum
969 853 1111 920 maxime
1136 871 1174 919 eo
1194 861 1352 937 tempore

277 965 372 1032 multi
399 965 459 1031 viri
488 965 610 1052 linguae
635 986 746 1051 graeca
778 965 951 1053 latinaeque
983 966 1079 1053 periti
1106 967 1141 1032 iu
1171 968 1230 1034 bac
1258 969 1351 1036 urbe

277 1080 467 1167 degerent¹,
490 1081 530 1147 ed
549 1081 717 1147 scientiam
738 1079 878 1147 Romani
893 1079 1064 1168 cujusdam
1085 1080 1287 1170 conlugerit;
1311 1093 1351 1150 at

276 1203 404 1262 tantum
419 1195 511 1262 abest
531 1204 568 1262 ut
586 1194 690 1263 Ursus
706 1195 851 1264 medicus
873 1195 985 1263 Vitem
1006 1198 1040 1265 S.
1066 1193 1178 1264 Basilii
1196 1206 1350 1264 transtu-

276 1310 350 1377 lerit
376 1309 416 1377 de
440 1331 561 1396 graeco,
592 1319 629 1376 ut
655 1310 723 1396 ipse
749 1310 924 1378 Anastasio
953 1309 1051 1379 fuerit
1082 1309 1228 1399 ejusdem
1254 1311 1348 1381 Vitae

275 1445 350 1492 voce
364 1424 464 1492 latine
479 1425 702 1492 convertendae
721 1445 834 1493 suasor
855 1436 887 1494 et
909 1435 1033 1511 auctor,
1058 1427 1345 1514 quemadmodum

273 1541 309 1607 in
328 1561 366 1608 eo
387 1539 525 1626 Prologo
547 1540 706 1627 scriptum
728 1550 776 1608 est
795 1560 894 1628 quem
912 1543 991 1609 item
1013 1541 1281 1618 bibliothecarius
1304 1545 1345 1610 in

273 1655 377 1722 fronte
387 1655 486 1723 libelli
498 1657 546 1722 sui
562 1653 765 1741 preposuitt
778 1655 859 1736 Quis
870 1656 972 1742 igitur
982 1656 1091 1724 credet
1101 1656 1341 1746 buncUrsum‚

272 1780 444 1858 postquam
464 1770 572 1838 Vitem
592 1768 627 1837 S.
649 1768 761 1837 Basilii
783 1770 823 1837 ab
844 1769 1017 1839 Anastasio
1038 1774 1225 1840 translatam
1243 1793 1343 1841 ecce-

271 1897 374 1973 perat,
402 1886 442 1952 ed
460 1885 609 1955 eamdem
627 1885 730 1953 Marte
751 1885 882 1973 proprio
900 1885 1159 1955 transferendam
1174 1907 1246 1954 mox
1263 1909 1342 1958 esse

270 2021 480 2089 eggressum,
519 2020 654 2088 remque
685 2001 789 2087 ipsius
819 2011 913 2069 oratu
937 2021 955 2068 a
981 2000 1048 2068 viro
1075 2001 1196 2088 linguae
1219 2021 1342 2086 graecae

269 2264 450 2312 christianorum
465 2259 576 2309 ultimum
595 2259 752 2323 infimumque
773 2258 936 2323 sacerdotum,
957 2259 1087 2322 oGregori
1105 2259 1249 2323 clarissime,
1268 2263 1341 2315 lilius

269 2349 342 2406 atque
358 2356 442 2404 nepos,
464 2338 539 2388 irater
553 2346 699 2403 patruusque
713 2338 810 2402 ducum,
824 2354 869 2388 nec
887 2354 935 2389 nan
957 2345 982 2389 et
994 2338 1039 2388 loci
1061 2347 1168 2390 serrator
1190 2342 1339 2406 Naapoleos,

269 2437 315 2486 quo
332 2421 363 2470 de
388 2420 460 2469 attice
474 2419 498 2467 in
516 2418 614 2468 latinam
636 2418 745 2480 linguam
766 2420 916 2470 transieram.
929 2437 941 2466 n
968 2419 1068 2483 (Migne,
1088 2422 1117 2471 P.
1141 2421 1182 2486 G„
1199 2427 1218 2472 t.
1239 2423 1337 2489 xxix,

267 2516 291 2566 p.
317 2498 430 2562 ceretu.)
451 2498 579 2559 Gregorius
601 2501 620 2561 l,
639 2498 669 2548 de
687 2513 734 2562 qua
747 2498 786 2547 bic
804 2499 892 2561 agitur,
907 2497 998 2548 ciuitati
1017 2499 1178 2564 Neapolitana
1191 2501 1289 2565 pretuli
1305 2507 1339 2555 ab

267 2595 291 2628 a.
302 2579 347 2628 862
362 2578 391 2628 ad
401 2593 424 2627 a.
435 2579 489 2627 867.
504 2577 536 2630 V.
551 2579 582 2628 l.
598 2577 623 2627 di
637 2579 700 2641 Meo,
710 2579 843 2642 apparato
853 2578 1013 2644 cronoloqico
1025 2579 1080 2644 apli
1093 2579 1185 2630 annali
1196 2580 1238 2631 dcl
1251 2597 1338 2648 reparo

266 2659 294 2710 di
307 2658 411 2726 Nepoti,
426 2673 450 2722 p.
465 2659 549 2708 lli-2.

297 2743 320 2790 l.
338 2741 371 2790 Ut
385 2739 432 2788 dux
448 2738 499 2802 ipse
508 2737 647 2800 Gregorius,
657 2741 729 2802 atque
736 2738 788 2800 ejus
801 2753 888 2802 parens
902 2739 1002 2799 Sergius
1011 2739 1030 2803 l,
1045 2746 1148 2804 utraque
1158 2739 1242 2802 lingua
1251 2751 1338 2795 assent

265 2821 371 2871 eruditi:
389 2819 512 2870 «Litteris
528 2825 579 2869 tam
598 2817 681 2880 grecis
697 2832 770 2882 quam
788 2817 869 2868 latinis
888 2819 1051 2870 favorabiliter
1067 2821 1176 2870 eruditus
1190 2828 1236 2881 est,
1250 2823 1286 2873 ite
1303 2833 1337 2876 ut

265 2902 285 2950 si
307 2915 362 2950 cesu
382 2899 470 2950 librum
494 2899 577 2961 grecis
599 2903 723 2948 exaratum
748 2896 872 2947 elementis
897 2907 1014 2964 sumeret,
1034 2899 1108 2950 latine
1126 2901 1191 2950 bunc
1214 2901 1336 2955 inolieusa

264 2981 354 3028 cursim
366 2979 458 3040 legeret
471 2985 496 3028 et
510 2978 596 3027 latinos
613 2977 687 3026 libros
702 2977 726 3024 in
741 2992 817 3038 greco
833 2978 942 3042 expedite
954 2994 1063 3030 sermone
1076 2979 1207 3030 timaret.»
1229 2983 1286 3032 uae
1299 2984 1335 3036 de

265 3059 359 3120 Sergio,
370 3060 394 3108 in
407 3059 465 3108 Vita
477 3059 504 3108 S.
514 3057 655 3108 Athanasii
662 3056 770 3121 Neapol.
776 3070 787 3117 ;
797 3057 831 3107 sic
840 3066 922 3108 autem
931 3060 961 3108 de
971 3059 1102 3121 Gregorio:
1115 3076 1128 3107 u
1139 3060 1183 3111 Vir
1191 3075 1235 3125 per
1246 3064 1333 3115 omnia

264 3144 387 3201 strenuus,
411 3144 435 3187 et
456 3139 480 3186 in
506 3152 584 3199 greca
606 3137 727 3201 latinaque
753 3136 837 3199 lingua
857 3138 1048 3203 peritissimum
1081 3139 1204 3204 (Manum.
1230 3141 1331 3210 Gema„

263 3219 322 3281 in-l,
339 3218 433 3282 Script.
446 3233 496 3268 rer.
510 3217 629 3282 langob,
645 3231 670 3280 p.
680 3218 741 3278 4413
757 3219 881 3283 bluretori,
894 3218 990 3284 Script.
1000 3220 1159 3284 rer.ltat.,t.
1175 3221 1206 3284 ll,
1218 3229 1283 3287 part.
1294 3227 1329 3290 ll,

264 3314 289 3362 p.
304 3299 384 3361 luat.)

293 3380 317 3428 2.
334 3378 504 3427 Anastasianas
520 3375 644 3438 Prologus,
659 3391 731 3440 quem
744 3377 799 3427 iob.
815 3377 929 3427 Mabillon
948 3380 1053 3443 primum
1067 3395 1095 3430 er
1111 3381 1193 3432 codice
1208 3383 1330 3434 Vaticano

262 3459 337 3510 edidit
364 3459 439 3520 (Mas.
455 3457 583 3517 Italicum,
600 3462 620 3504 t.
640 3457 660 3518 1,
684 3471 708 3520 p.
732 3459 782 3520 8l),
805 3457 941 3508 inscribitur
957 3459 982 3509 in
1002 3459 1065 3510 bunc
1083 3461 1180 3511 modum
1204 3475 1212 3511 :
1237 3465 1329 3515 «Urso

262 3536 390 3589 venerabili
401 3537 550 3588 sabdiacono
562 3541 649 3585 sancte
655 3537 768 3586 Romana
778 3536 888 3587 Ecclesia
897 3553 941 3588 seu
951 3538 1045 3589 Medico
1054 3545 1079 3590 et
1087 3541 1225 3592 Domestica
1235 3541 1327 3594 domiui

261 3620 336 3671 nostri
351 3616 504 3668 secretissimi
520 3617 591 3679 Papa
604 3614 694 3664 Nicolai
711 3617 851 3666 Anastasius
875 3617 976 3680 exiguus
997 3619 1081 3672 abbas.
1095 3628 1142 3670 etc.
1159 3622 1228 3672 Beati
1242 3623 1327 3674 Basilii

261 3703 373 3752 Cesarea
382 3697 536 3762 Cappadocia
548 3694 736 3746 Praesulisritam
743 3711 782 3745 me
793 3697 817 3747 iu
830 3697 931 3748 latinam
939 3698 1040 3749 uertisse
1049 3699 1179 3750 dictionem
1186 3704 1326 3755 amodum

259 3780 456 3845 postulationem
473 3781 546 3826 taam
560 3788 707 3836 cognosce.»
731 3774 808 3838 (Mae.
826 3776 898 3837 liat,
920 3777 988 3836 ibid,
1010 3793 1034 3842 p.
1059 3778 1109 3842 82.)
1127 3781 1212 3845 Neque
1224 3782 1327 3846 objicias

261 3862 349 3910 Ursum
360 3856 470 3909 eamdam
479 3869 562 3905 curam
576 3853 680 3917 potuisse
692 3860 748 3903 aute
761 3855 913 3905 Anastasium
927 3856 1060 3922 susciper03
1076 3872 1179 3924 nemque
1194 3860 1326 3914 bibliothe-

258 3940 346 4003 carius,
361 3939 385 3988 in
403 3952 445 3987 suo
460 3935 570 3997 Prologu,
585 3939 666 3998 aperte
683 3932 803 3994 significat
813 3935 895 3986 Vitam
916 3936 942 3987 S.
958 3936 1049 4000 Basilii,
1063 3943 1193 4004 antequem
1207 3939 1258 4005 ipsa
1269 3957 1325 3994 eam

261 4019 464 4083 interpretaretur,
482 4031 528 4066 non
543 4014 665 4064 inventam
676 4013 748 4062 luisse
765 4015 846 4064 Rome
865 4015 939 4066 latiae
959 4015 1074 4081 scriptam
1094 4032 1101 4067 :
1122 4018 1251 4085 udeaique
1265 4021 1325 4074 licat

259 4100 311 4162 ejus
325 4097 425 4161 (Basilii)
436 4099 546 4162 quedam
559 4093 679 4145 salutiiera
688 4094 776 4158 scripta
790 4109 867 4144 sermo
880 4095 969 4146 latinus
981 4097 1089 4158 baberet,
1102 4097 1152 4148 nita
1166 4105 1246 4150 tamen
1260 4102 1324 4152 illius

260 4193 331 4244 quam
344 4178 375 4226 sit
388 4177 534 4228 admirabilis
547 4177 662 4228 hactenus
680 4173 835 4237 ignorarit»,
850 4181 874 4226 et
889 4176 960 4240 paulo
974 4183 1044 4241 post:
1059 4179 1173 4228 aVerum
1192 4179 1324 4243 diligenter

258 4256 390 4322 inquirens,
404 4257 462 4306 nibil
481 4258 596 4322 scriptum
619 4255 650 4306 da
668 4255 717 4305 vita
737 4254 808 4318 btq'us
822 4256 896 4305 sancti
911 4255 974 4321 apud
989 4257 1086 4308 Latinos
1103 4257 1192 4322 inveni,
1208 4261 1255 4312 uisi
1273 4263 1322 4313 duo

256 4335 428 4388 miraculorum
439 4336 558 4398 ejusdam.
572 4355 584 4383 a
597 4337 671 4400 (diae.
687 4334 754 4398 liat,
768 4334 837 4398 ibid.)
