3006 5050
288 413 335 464 ΒΕ
356 413 523 465 tricocco
545 412 640 465 Part
662 414 671 463 Ι
694 413 862 473 elusone
883 413 1160 464 enbltanntubs
1227 415 1258 464 Π

240 556 415 644 Postquam
431 555 521 625 enim
535 557 632 625 ambo
643 556 741 642 legati
754 555 1069 644 Constantinopolim
1080 555 1259 641 venissent,

195 691 262 739 non
273 673 369 740 modo
384 673 570 740 societatem
582 693 658 739 cum
669 671 784 740 Pbotio
798 671 987 740 habuerunt
998 680 1095 758 atque
1109 671 1144 738 in
1159 673 1258 741 sacris

193 787 312 854 ritibus
323 787 455 854 vetitam
470 786 751 870 communionem,
767 786 1007 871 verumetiam,
1022 784 1258 854 Photianorum

188 900 277 988 eapti
301 901 529 988 muneribus1,
549 902 641 969 litem
660 902 766 990 ipsam
789 921 856 968 non
876 900 1069 968 dubitarunt
1089 899 1256 988 dirimere,

192 1015 391 1103 sedenteque
422 1017 457 1082 in
488 1016 571 1084 urbe
602 1015 783 1105 Byzantina
814 1013 1078 1102 frequentissimo
1108 1015 1256 1101 concilio,

191 1130 359 1218 ignatium
369 1129 445 1218 jure
459 1151 497 1199 ao
510 1131 627 1200 merito
638 1131 893 1199 condemnatum
902 1128 1141 1218 depulsumque
1151 1131 1260 1218 digni·

190 1256 257 1314 tate
269 1245 459 1332 judicarunt
473 1244 498 1316 ¹.

236 1361 284 1430 Ex
299 1362 350 1430 his
370 1381 447 1430 sane
467 1361 536 1449 jara
551 1361 691 1450 perspici
705 1368 810 1451 potest
824 1361 1048 1431 Rhadoaldum
1070 1361 1258 1451 episcopum

189 1477 422 1555 Portuensem,
440 1498 630 1565 quanquam
650 1478 727 1545 olim
747 1498 824 1546 cum
840 1479 1013 1546 Anastasio
1032 1475 1256 1564 rebellantem,

190 1604 304 1660 tamen
329 1611 449 1678 magna
470 1592 504 1659 in
529 1593 625 1661 laude
648 1591 747 1662 luisse
772 1604 805 1661 et
829 1594 865 1662 in
888 1594 994 1679 gratia
1015 1613 1092 1664 cum
1112 1592 1255 1662 Nicolao.

190 1707 279 1788 Quid
300 1728 374 1776 vero
396 1729 432 1777 ex
456 1707 497 1775 iis
518 1728 592 1795 quae
612 1718 682 1776 acta
703 1718 781 1777 suut
806 1717 878 1796 post
901 1729 1019 1778 novam
1039 1708 1129 1776 ibam
1146 1707 1259 1794 prodi-

191 1822 341 1891 tionem?

236 1937 338 2025 Atqui
351 1937 559 2006 Rhadoaldus
573 1935 709 2026 ejusque
722 1937 855 2024 collega,
870 1956 947 2005 cum
958 1937 1111 2024 Romam,
1123 1937 1259 2005 ineunte

190 2071 278 2118 anno
294 2055 372 2140 802,
388 2051 528 2139 regressi
542 2049 653 2139 sunt⁸,
669 2051 752 2118 nihil
771 2051 960 2120 habuerunt
978 2051 1144 2139 antiquius
1158 2071 1258 2138 quam

189 2175 228 2234 ut
252 2165 374 2234 famam
402 2169 656 2253 comprimerent
684 2163 884 2234 infidelitatis
910 2187 995 2253 suae,
1024 2185 1258 2253 summumque

191 2281 380 2368 pontificem
411 2282 515 2349 multa
539 2280 749 2350 ementiendo
774 2279 994 2368 deciperent⁴.
1022 2279 1101 2362 Quae
1124 2280 1258 2368 quidem

223 2523 246 2569 1.
262 2519 389 2569 «Pecunia
399 2517 447 2568 illic
460 2519 564 2582 corrupti
579 2533 645 2568 more
656 2517 742 2568 Vitalia
754 2523 827 2582 etque
839 2518 961 2568 Miseni.»
976 2519 1033 2570 Vita
1047 2518 1152 2570 Nicolai
1165 2519 1259 2584 (ibid).

192 2599 283 2664 Δώροις
311 2599 352 2661 μὲν
382 2599 447 2664 παρὰ
472 2598 580 2650 cetea.
608 2597 859 2664 apocatastaticus
882 2586 918 2648 lu
938 2597 1096 2663 scepionem
1126 2599 1258 2663 imolen,

190 2687 210 2729 t.
225 2681 256 2744 X,
272 2694 297 2743 p.
316 2679 381 2743 904).
455 2677 456 2680 ’

221 2762 245 2808 2.
263 2762 315 2808 «At
329 2758 362 2807 illi
377 2765 469 2818 euntes,
483 2759 570 2822 spretis
583 2758 680 2808 monitis
694 2758 790 2820 nostris,
809 2758 954 2822 contemptis
973 2757 1081 2822 epistolis
1098 2756 1142 2806 sibi
1159 2772 1174 2806 a
1189 2757 1261 2807 uobis

190 2853 271 2888 eorem
287 2843 339 2888 tota
351 2838 453 2888 ecclesie
468 2845 549 2887 nostra
568 2839 640 2897 detis,
656 2839 731 2887 immo
751 2839 881 2904 postposito
899 2839 985 2888 timore
1004 2837 1059 2900 Dei,
1084 2837 1154 2886 aienti
1176 2844 1261 2901 postea

190 2918 286 2982 claruit,
306 2919 330 2967 in
349 2919 493 2967 eontrarium
516 2924 641 2968 verterunt
658 2918 739 2967 omnia
755 2919 867 2980 quesibi
885 2918 983 2967 luerunt
1003 2917 1129 2982 imperata.
1148 2917 1259 2980 Denique

192 3005 288 3048 etcum
309 2997 395 3048 Photio
413 2997 531 3062 adultero,
558 3013 587 3048 ac
613 2996 721 3048 ecclesie
742 2999 860 3059 invasore,
884 3009 957 3062 atque
977 2997 1107 3061 neophyto,
1124 2996 1189 3060 quod
1212 2996 1258 3045 sibi

189 3077 355 3143 multipbeiter
372 3078 520 3142 prohibitum
542 3077 630 3141 luerat,
651 3078 676 3128 in
699 3061 850 3128 aacros'ianeta
871 3078 986 3142 mysteria
1002 3077 1218 3140 communicarunt,
1232 3083 1257 3127 et

190 3158 319 3220 ignatium,
330 3157 408 3207 uirum
416 3173 498 3208 senem
506 3164 531 3207 et
539 3164 677 3208 sanctum...
688 3159 825 3208 Graecorum
835 3157 930 3207 factioni
940 3157 1148 3222 perniciosissime
1158 3157 1257 3206 concin-

188 3243 275 3287 nantes
288 3238 462 3288 damnaverunt
476 3243 501 3287 et
515 3238 703 3288 sacerdotalibus
715 3238 796 3287 inlutis
810 3237 968 3302 exspoliatum
982 3239 1012 3287 ab
1025 3237 1132 3286 ecclesie
1142 3237 1259 3298 regimina

190 3317 268 3368 modis
284 3319 397 3368 omnibus
415 3320 566 3382 expuerunt.
582 3335 594 3364 c
619 3318 710 3368 Nicolai
727 3321 806 3383 Epist.
821 3319 858 3368 ad
871 3318 967 3368 Orieat.
980 3317 1143 3382 patriarchas
1160 3318 1257 3381 (Coleb,

191 3405 211 3447 t.
220 3399 262 3461 tx,
270 3413 295 3462 p.
307 3397 389 3462 1290).
398 3398 435 3449 Cl.
443 3399 526 3462 Epist.
534 3398 571 3448 ad
581 3396 642 3448 cler.
653 3396 738 3448 Conrt.
749 3398 830 3461 (ibid,
840 3413 865 3462 p.
877 3397 958 3462 1³73),
968 3399 1051 3462 Epist.
1062 3397 1098 3448 ad
1107 3396 1258 3447 Michaelem

191 3478 273 3542 (ibid,
284 3493 308 3542 p.
320 3479 389 3542 1319)
397 3493 405 3541 3
424 3480 514 3528 Nicete
527 3479 611 3528 Vitam
626 3473 725 3543 Ipnntii
735 3478 817 3543 (ibid,
835 3479 898 3540 tx,
908 3493 933 3542 p.
946 3480 1014 3541 109);
1031 3478 1121 3539 ignatii
1131 3475 1259 3527 Libellum

189 3561 226 3608 ad
234 3559 369 3608 Nicolaum
383 3558 397 3608 l
409 3558 487 3622 libid,
500 3574 526 3622 p.
541 3557 596 3622 169)
602 3573 610 3621 ;
626 3561 689 3608 Aeta
703 3573 760 3622 syn.
775 3560 882 3622 Byzant.
898 3557 1047 3620 (Deuadedit,
1058 3573 1083 3622 p.
1096 3555 1216 3619 tae-tlt.)

220 3641 245 3688 3.
263 3638 361 3687 Litterae
374 3638 439 3687 enim
460 3637 518 3701 ille,
538 3653 597 3703 quas
617 3637 729 3688 Nicolaue
743 3639 812 3703 paulo
827 3643 882 3702 post
895 3652 1016 3700 regressos
1028 3651 1068 3686 eos
1084 3636 1186 3698 legatos,
1203 3649 1259 3684 cum

189 3718 219 3768 cd
232 3717 378 3768 Michaelem
393 3718 571 3782 imperatorem,
586 3723 639 3767 tum
652 3717 683 3767 ad
699 3718 810 3767 Photiuna
824 3718 928 3783 scripsit,
938 3718 1000 3768 data
1011 3731 1067 3766 suna
1076 3716 1116 3766 die
1131 3717 1160 3764 18
1170 3711 1260 3764 mensis

195 3798 279 3862 epribs
292 3813 316 3847 a.
332 3799 386 3848 862.
400 3797 437 3848 Cl.
453 3796 522 3860 lade,
534 3799 648 3862 deposta,
664 3812 688 3846 u.
701 3799 771 3860 2690,
784 3800 855 3849 2691.

220 3879 243 3927 i.
261 3879 359 3928 «Porro
375 3877 466 3941 prelati
481 3877 550 3926 missi
564 3878 639 3927 nostri
657 3877 755 3928 tandem
767 3878 866 3940 reversi,
884 3876 945 3926 nihil
960 3875 1025 3927 aliud
1039 3875 1203 3925 renuntiarere
1212 3874 1258 3924 nisi

189 3955 325 4020 depositum
339 3957 460 4019 ignatium
471 3962 495 4007 et
510 3957 623 4007 Photium
634 3957 658 4005 in
667 3958 724 4006 sede
732 3956 1132 4020 constantinopolitanafirmatum.
1140 3970 1154 4001 n
1167 3954 1259 4005 Nicolai

189 4035 306 4100 Epistola
327 4038 364 4088 ad
391 4037 532 4087 orientales
549 4037 712 4100 patriarchas
733 4037 830 4101 (coleti,
847 4044 867 4086 t.
885 4038 926 4096 lX,
947 4050 971 4099 p.
989 4036 1069 4092 1290).
1092 4035 1130 4086 Gi.
1150 4035 1258 4098 ejusdem

185 4130 255 4180 papea
278 4116 361 4179 Epiri.
383 4117 421 4167 ad
437 4117 498 4168 cler.
525 4116 609 4168 Gmest.
628 4117 709 4181 (ibid,
729 4115 761 4181 p.'
775 4117 855 4181 1311).
871 4115 907 4166 llli
926 4129 982 4164 vero
998 4121 1088 4179 postea,
1107 4121 1170 4165 teste
1185 4116 1259 4166 etiam

188 4195 301 4259 Nicoleo,
317 4196 394 4246 multa
415 4197 446 4246 ad
464 4197 641 4247 excusationem
665 4197 792 4260 linxerunt,
815 4201 980 4246 asseverantes
996 4209 1022 4244 se
1041 4195 1136 4245 «minis
1154 4197 1258 4262 impera-

185 4276 243 4324 oriae
257 4277 381 4341 potestatis
393 4277 468 4328 luisse
480 4277 641 4341 deterritos»,
650 4284 676 4328 et
690 4295 702 4324 α
716 4275 841 4328 horrendis
854 4275 989 4327 terroribus
1006 4275 1144 4342 impulsos»
1161 4277 1195 4341 (r.
1213 4278 1258 4328 Ni-
