2954 5050
486 449 648 500 PLENIUS
669 449 909 500 osrsuutrua
1184 452 1228 502 ill

211 591 256 658 X.
281 590 325 658 At
346 589 446 678 hujus
460 590 500 658 ad
512 591 681 660 universos
694 589 802 661 Gallos
820 592 972 680 epistole,
989 611 1063 679 que
1075 591 1230 679 bipartita

158 716 229 792 est,
253 716 352 774 totam
379 706 576 774 industriam
597 707 746 775 nondum
766 708 1015 795 exploravimus.

210 821 391 908 Postquam
402 821 494 890 enim
509 821 715 910 Anastasius,
733 823 769 890 in
791 822 1014 910 prioreparte,
1028 821 1124 890 falsas
1149 822 1232 909 pris-

158 957 280 1004 corum
294 957 453 1024 paparum
471 936 645 1006 decretales
655 957 746 1024 aeque
761 938 964 1024 accipiendas
978 957 1049 1007 esse
1061 938 1231 1007 contendit

159 1072 268 1138 quam
288 1072 363 1139 que
385 1052 531 1120 inessent
557 1052 591 1118 in
611 1052 705 1121 libris
728 1054 911 1140 canonicis,
930 1052 1066 1139 deinde,
1083 1053 1119 1120 in
1142 1063 1231 1140 parte

162 1167 359 1253 posteriore,
390 1166 529 1254 pmhare
569 1167 758 1254 aggreditur
789 1167 825 1235 in
855 1166 1051 1236 commentis
1088 1167 1232 1236 Pseudo·

160 1282 356 1354 Isidorianis
371 1284 454 1352 nihil
467 1284 644 1352 admodum
653 1284 693 1352 de
705 1284 932 1373 episcoporum
939 1284 1066 1374 judicio
1075 1285 1230 1372 inveniri,

162 1403 254 1489 quod
265 1423 331 1470 non
342 1402 533 1472 similiterin
544 1404 660 1472 litteris
670 1425 828 1491 paparum
838 1405 1003 1473 canonicis
1015 1405 1230 1491 inveniretur,

164 1521 362 1606 nullumque
396 1539 466 1588 esse
503 1519 543 1587 de
575 1539 610 1587 re
646 1518 700 1588 illa
734 1519 910 1588 discrimen
943 1520 1030 1588 inter
1058 1520 1232 1588 decretales

165 1634 349 1720 priscorum
370 1655 528 1724 paparum
549 1644 581 1702 et
606 1634 758 1722 epistolas
779 1635 820 1703 ah
836 1634 992 1704 omnibus
1013 1637 1085 1704 sine
1101 1646 1232 1704 contro·

165 1749 272 1818 versia
286 1759 430 1839 receptas
444 1750 467 1818 ¹.

211 1864 307 1945 Quod
335 1865 362 1932 si
389 1865 583 1938 Anastasius
606 1865 641 1932 id
664 1874 794 1933 tanturn
821 1865 964 1950 dixisset,
1001 1865 1172 1934 Nicolaum
1202 1867 1231 1952 1,

168 1981 268 2048 totius
287 1981 439 2048 Ecclesiae
453 1992 624 2067 rectorem,
637 1980 695 2068 jus
715 1980 870 2050 habuisse
888 1983 976 2068 leges
996 1981 1147 2068 antiquas
1168 1983 1232 2050 im·

167 2096 332 2182 mutandi,
363 2116 542 2184 causasque
571 2096 780 2185 episcopales,
804 2117 945 2184 quarum
973 2108 1068 2164 antea
1089 2096 1233 2182 cognitio

168 2211 424 2300 provincialibus
453 2212 586 2300 synodis
609 2211 762 2300 dabatur,
795 2211 857 2279 sibi
886 2212 1003 2280 deinde
1027 2211 1231 2297 reservandi,

169 2348 237 2394 non
258 2347 336 2395 sane
360 2337 445 2395 esset
462 2310 563 2415 'quod
584 2327 793 2396 miraremur.
821 2326 927 2394 Immo
952 2348 1039 2411 vero,
1064 2337 1234 2395 cumtum

169 2443 292 2531 aliquid
306 2445 525 2530 theologicum
539 2455 702 2530 ageretur,
720 2464 784 2511 non
800 2444 1006 2531 historicum,
1023 2465 1073 2512 nae
1088 2463 1149 2530 ego
1163 2464 1233 2511 rem

171 2555 313 2624 alienam
332 2555 536 2644 fugitassem.
552 2557 597 2624 ht
612 2557 649 2623 in·
665 2560 726 2625 hoc
745 2557 891 2644 peccavit
905 2566 1026 2644 noster,
1047 2558 1134 2644 quod
1149 2556 1235 2624 affir-

172 2692 261 2740 mare
282 2671 380 2740 ausus
401 2683 451 2741 est
471 2683 504 2741 et
526 2673 698 2741 Nicolaum
713 2671 741 2761 I,
767 2694 843 2741 cum
860 2672 985 2761 judicia
1008 2673 1234 2759 episcoporum

169 2787 238 2855 sedi
258 2789 439 2874 apostolice
458 2789 648 2874 vindicaret,
672 2787 752 2855 nihil
774 2789 849 2856 novi
867 2789 1062 2872 instituisse,
1084 2786 1140 2853 sed
1159 2795 1233 2852 tan-

170 2913 241 2970 tum
258 2903 409 2989 epistolas
424 2904 596 2972 canonicas
614 2905 822 2972 decessorum
843 2923 981 2972 suornm
1001 2911 1180 2986 revocasse,
1200 2911 1235 2967 et

172 3017 335 3106 episcopos
359 3017 552 3107 Galliarum,
575 3019 609 3086 in
635 3040 731 3087 causa
756 3019 960 3087 Rothadiana
978 3015 1233 3105 prejudicando,

172 3273 233 3316 cette
246 3266 368 3317 condition
382 3268 480 3332 remplie
495 3283 554 3332 pour
564 3267 598 3318 les
614 3267 743 3318 decretales
756 3267 831 3317 citdes
846 3281 889 3331 pau·
902 3267 1028 3317 Rhothede
1043 3265 1101 3330 qn'il
1112 3281 1143 3315 no
1154 3265 1237 3315 roulnt

170 3347 255 3409 jamais
269 3347 374 3396 reconrir
393 3347 473 3398 aleus
489 3348 603 3413 emerite,
618 3346 734 3412 quoiqu’il
749 3349 792 3397 erit
810 3354 878 3397 entre
893 3345 928 3396 les
943 3348 1021 3396 meins
1037 3345 1079 3395 des
1094 3345 1178 3394 lettres
1194 3361 1227 3408 qu

172 3428 313 3476 montraient
324 3442 371 3492 que
384 3427 407 3478 la
422 3428 546 3478 collection
563 3427 807 3492 pseudo-isidorianos
820 3426 878 3476 eseia
890 3443 960 3488 ropuc
975 3440 1068 3476 comme
1080 3424 1236 3488 authentique

174 3521 213 3566 par
224 3507 259 3556 les
270 3506 373 3571 dreqnes
387 3509 475 3558 francs.
483 3509 581 3558 »Probe
592 3521 661 3568 rero;
675 3513 699 3557 st
710 3523 766 3558 cum
782 3522 862 3558 resera
874 3507 987 3557 Nicolcus
1000 3506 1127 3556 Anastasio
1140 3519 1237 3553 conces·

173 3589 229 3636 serit
241 3593 269 3637 ut
283 3587 353 3636 falsas
369 3587 501 3637 decretales
516 3595 543 3638 et
557 3587 667 3638 laudaret
680 3593 705 3637 et
720 3588 846 3637 canonicas
858 3603 909 3638 esse
919 3588 1038 3652 probaret,
1052 3587 1235 3646 hocargumen-

173 3674 222 3716 turn
235 3667 259 3716 in
271 3667 413 3717 contrariam
425 3673 518 3731 partem
529 3675 666 3717 convertere
683 3681 780 3718 necesse
794 3673 840 3731 est,
863 3683 892 3717 ac
907 3668 986 3717 dicere
999 3666 1124 3716 Nicolaum
1142 3665 1195 3714 ideo
1212 3664 1236 3714 id

174 3747 316 3812 permisisse,
324 3748 381 3812 quis
388 3748 476 3812 scripta
485 3747 720 3799 Pseudo-isidoriana
731 3754 794 3797 stare
808 3749 832 3798 in
842 3763 870 3798 ee
883 3747 1019 3798 conditione
1029 3745 1146 3808 generali,
1155 3745 1179 3794 id
1189 3752 1235 3807 cst,

173 3828 305 3892 antiquitus
318 3828 392 3877 luisse
404 3828 428 3876 in
443 3829 538 3877 archivo
551 3830 669 3893 Romano,
682 3833 734 3878 tum
747 3843 887 3892 persuasum
899 3828 1021 3889 habuerat,
1036 3827 1082 3876 nisi
1095 3825 1165 3874 malis
1180 3840 1235 3874 eum

173 3922 257 3972 papam
269 3907 428 3958 santonos
440 3909 530 3958 fraudis
542 3909 684 3972 participem
699 3909 788 3959 dicere.
800 3910 841 3973 (V.
855 3909 885 3957 de
897 3907 990 3968 Smedt,
1001 3922 1040 3970 op.
1049 3906 1076 3966 l.‚
1086 3921 1111 3970 p.
1119 3907 1158 3968 16,
1167 3920 1192 3954 n.
1200 3905 1236 3975 2.)

205 3992 227 4037 l.
245 3988 296 4036 lloc
316 3988 385 4038 modo
400 3989 539 4038 Anastasius
562 4004 576 4036 a
596 3989 675 4052 priore
698 3994 765 4052 parte
788 3987 818 4036 ad
832 3987 989 4051 posteriorem
1003 3985 1090 4036 transit
1105 3986 1190 4040 :cilis
1203 3985 1237 4034 ita

173 4067 252 4116 divina
264 4067 359 4118 favente
373 4069 451 4130 gratia
464 4067 605 4133 prelibatis,
622 4069 770 4119 ostendimus
782 4067 873 4116 nnllam
887 4067 1047 4115 differentiam
1065 4081 1118 4116 esso
1134 4067 1196 4116 inter
1209 4081 1238 4115 ea

175 4150 267 4200 decreta
280 4165 333 4212 quae
348 4150 372 4198 in
381 4149 463 4199 codice
477 4164 593 4202 canonum
604 4150 725 4200 habentur
736 4147 942 4211 sedisapostolicae
956 4146 1092 4210 praesulum,
1107 4153 1131 4196 ct
1143 4162 1171 4196 ee
1183 4162 1237 4212 quae

175 4245 220 4294 pre
234 4229 389 4279 multitudine
403 4230 441 4278 rix
454 4244 496 4293 per
507 4223 605 4291 singula
616 4229 763 4279 voluminum
778 4241 876 4291 corpora
890 4227 1072 4291 reperiuntur»,
1084 4233 1132 4278 etc.
1143 4228 1236 4279 Nicolai

176 4311 254 4372 Epist.
268 4311 305 4360 od
315 4311 383 4362 unio.
398 4310 467 4360 Gall.
483 4311 560 4374 episc.
573 4311 675 4375 (usgue,
691 4325 716 4373 p.
728 4311 787 4370 9⁰33
800 4306 1029 4372 oi.,-Appcndiceml.
