2960 5052
282 428 297 478 e
675 498 677 503 .
705 427 922 480 anemurum

284 569 437 638 ecclesia
454 572 486 638 S.
502 570 662 639 Marcelli
684 571 828 657 creavit,
855 573 920 640 sed
941 573 1047 660 paulo
1071 578 1152 660 post
1172 571 1345 658 dignitate

285 694 497 765 sacerdotali
507 695 681 782 dejectum
694 697 925 764 anathematis
940 697 1114 766 sententia
1126 697 1306 765 mulctavit
1319 697 1342 764 ¹.

283 822 418 886 Mortuo
431 822 549 894 Leone
564 817 642 907 1v²,
658 821 881 906 Anastasius,
898 840 1098 909 quanquam
1114 826 1211 890 esset
1227 822 1343 889 adhuc

285 944 498 1013 anathemati
513 945 698 1034 obnoxius,
720 945 919 1032 desummo
940 946 1146 1033 pontificatu
1168 946 1344 1014 adversus

284 1069 511 1137 Benedictum
535 1073 582 1137 ΙΙΙ
607 1067 820 1155 dimicavit³3
844 1089 913 1157 quo
932 1070 967 1136 in
988 1070 1178 1138 certamine
1200 1088 1345 1158 supera-

284 1199 354 1276 tuS,
373 1193 417 1260 ad
431 1193 711 1261 communionem
725 1193 896 1262 laicorum
910 1199 1075 1282 receptus
1091 1192 1343 1277 est⁴.·Deinde,

284 1319 366 1403 post
378 1314 509 1383 obitum
520 1315 702 1382 Benedicti
715 1319 772 1401 Ili,
787 1316 969 1386 Nicolaum
979 1320 994 1383 I
1005 1316 1054 1384 ita
1065 1315 1133 1384 sibi
1148 1316 1349 1384 conciliavit

285 1442 323 1506 ut
337 1438 367 1505 is
381 1438 540 1532 pontifex
553 1458 652 1526 spem
664 1439 802 1526 pristini
819 1439 1009 1508 sacerdotii
1030 1440 1063 1508 ei
1081 1439 1288 1524 ostenderit,
1317 1439 1350 1507 si

284 1562 320 1629 in
349 1563 418 1630 fide
447 1562 546 1631 Sedis
578 1563 782 1650 apostolicae
806 1562 1065 1651 permaneret⁵.
1101 1565 1201 1642 Quod
1226 1567 1347 1631 autem

285 1687 453 1755 Nicolaus
467 1687 643 1774 pollicitus
664 1693 750 1768 erat,
775 1689 926 1776 perfecit
947 1688 1025 1776 ejus
1052 1708 1255 1775 successor,
1275 1691 1351 1756 Ha-

288 1811 432 1879 drianus
458 1815 501 1896 ll,
517 1811 585 1899 ¹qui
606 1812 758 1902 quidem,
785 1813 910 1880 eodem
933 1813 988 1881 die
1009 1832 1078 1900 quo
1100 1813 1229 1900 ipsein
1250 1833 1352 1880 sum-

288 1955 383 2003 mum
400 1935 600 2023 pontificem
615 1943 777 2022 sacratus
798 1941 864 2022 est,
881 1937 1106 2006 Anastasium
1119 1937 1211 2006 inter
1226 1955 1353 2005 sacer-

289 2061 390 2129 dotes
406 2058 581 2148 recepit⁰;
599 2081 798 2148 quanquam
818 2061 1029 2147 Hadrianum,
1043 2080 1134 2148 anno
1146 2066 1238 2149 post,
1252 2063 1353 2130 hunc

290 2185 452 2252 eumdem
481 2186 740 2271 presbyterum,
767 2205 867 2254 reum
899 2185 981 2253 novi
1013 2185 1195 2270 facinoris,
1222 2185 1355 2254 iterum

289 2309 462 2376 laicorum
480 2309 737 2394 communione,
756 2310 868 2378 donec
886 2309 1124 2378 innocentiam
1146 2327 1246 2378 suam
1264 2329 1356 2396 pur-

292 2435 430 2518 gasset,
448 2431 493 2499 ad
507 2436 645 2520 tempus
661 2433 862 2501 continuit⁷.

324 2597 346 2644 Ι.
359 2592 392 2644 V.
405 2593 489 2642 Vitam
502 2595 590 2644 Leonis
606 2595 651 2659 W,
665 2611 687 2645 c.
698 2607 753 2647 xcn
766 2597 885 2661 (vigued,
900 2603 919 2646 t.
935 2598 978 2661 ΙΙΙ,
988 2611 1012 2661 p.
1027 2597 1141 2662 ins-129)
1148 2611 1157 2659 3
1169 2595 1290 2647 liincmari
1299 2596 1358 2647 An·

290 2673 370 2734 nutes,
382 2688 405 2724 a.
421 2674 465 2722 868
477 2675 566 2736 (Perta,
579 2675 636 2738 SS„
646 2682 665 2728 t.
677 2677 697 2740 1,
709 2692 733 2740 p.
746 2679 872 2739 itt-tue).

322 2755 345 2802 2.
362 2755 428 2802 duno
442 2754 496 2803 855.

321 2835 345 2882 3.
364 2835 420 2883 Vita
433 2833 613 2898 Denedc'cttiii,
629 2849 650 2884 c.
666 2847 746 2885 tri-xx
758 2835 876 2898 (Vigueii,
890 2842 908 2887 t.
923 2837 964 2901 iii,
976 2851 1000 2901 p.
1017 2835 1140 2899 lid-idi).

323 2916 347 2963 i.
359 2931 370 2958 u
384 2915 432 2962 Leo
443 2919 467 2962 et
477 2914 629 2973 Benedictus,
638 2914 719 2964 eximii
731 2915 870 2978 praesules...
886 2931 987 2980 qnorum
996 2931 1056 2966 unus
1066 2915 1246 2980 eumdeposuit,
1261 2929 1360 2964 ercom-

292 2992 423 3042 municavit
434 3001 459 3042 et
471 2993 692 3057 anathematizavit,
704 2994 765 3044 aiter
779 3011 836 3045 uere
849 2995 1035 3046 sacerdotalibus
1046 2995 1177 3058 exspolians
1193 2995 1358 3056 vestimentis,

292 3073 354 3121 inter
374 3071 446 3122 laicos
463 3073 487 3122 in
501 3075 665 3124 communione
680 3076 778 3138 recepit„
796 3093 809 3124 a
830 3077 944 3144 Hadriani
964 3079 985 3126 il
1009 3077 1141 3126 Decretum
1160 3077 1259 3140 facium
1282 3077 1359 3138 apud

292 3152 410 3202 Sanctam
420 3153 572 3211 Peccantem,
587 3153 611 3203 in
625 3154 770 3204 Annalibus
787 3157 909 3205 lliucmari
924 3159 1014 3220 (Perta,
1027 3157 1083 3220 SS,
1098 3159 1149 3216 tl,
1164 3171 1188 3221 p.
1201 3155 1265 3220 tls).

324 3234 349 3282 5.
364 3234 495 3282 «Decessur
512 3235 595 3299 itaque
605 3241 685 3284 noster
697 3235 860 3285 sanctissimus
871 3250 931 3300 papa
945 3236 1065 3300 Nimiam,
1076 3242 1231 3301 compostae,
1245 3235 1264 3283 si
1276 3233 1364 3284 fideli..

293 3317 330 3361 ter
343 3327 401 3374 erga
415 3319 524 3362 sanctam
540 3317 671 3363 Romanam
683 3314 811 3364 Ecclesiam
824 3316 952 3380 incederet,
963 3317 986 3365 in
1003 3316 1093 3378 gremio
1102 3307 1155 3381 pari
1170 3315 1241 3364 modo
1254 3315 1361 3379 recepis-

293 3397 331 3441 set
346 3391 471 3444 aeclesia.
484 3409 498 3441 e
511 3393 625 3446 Hadriani
640 3395 780 3454 Decretum,
794 3395 853 3446 ibid.

323 3479 347 3523 6.
362 3490 374 3518 u
389 3473 425 3522 ld
444 3473 607 3524 celebritatem
629 3474 708 3524 missa
731 3476 805 3539 ipsius
832 3463 955 3539 (Hadriani
984 3477 1017 3540 ΙΙ)
1032 3481 1081 3524 tarn
1103 3475 1249 3525 incredibilis
1262 3474 1361 3525 exstitit

295 3552 432 3611 multitudo,
443 3555 590 3618 utlcertatim
601 3553 631 3606 de
645 3569 717 3603 manu
728 3557 779 3619 ejus
791 3556 902 3608 omuibus
917 3556 1094 3606 communicare
1108 3555 1249 3619 nitentbus,
1263 3554 1360 3604 Thent-

294 3632 386 3692 guudus
407 3633 560 3682 Treuirorum
572 3633 766 3698 archiepiscopus
783 3642 807 3684 et
825 3636 952 3686 Zacharias
965 3635 1108 3697 Anagninos
1130 3635 1270 3699 episcopus,
1284 3635 1327 3698 qui
1345 3649 1361 3684 a
1470 3653 1471 3680 r

295 3712 382 3762 domno
395 3712 491 3762 Nicuiao
514 3713 644 3762 sacerdotio
665 3713 779 3767 denudati
800 3715 874 3764 etiarn
897 3716 1062 3765 commuuione
1077 3722 1216 3776 caruerant,
1235 3712 1362 3780 simulque

295 3792 446 3855 Anastasius,
467 3792 509 3856 qui
528 3792 620 3842 dudum
633 3808 648 3842 a
663 3794 743 3842 Leone
757 3795 934 3861 Benedicteque
951 3795 1102 3860 pontificibus
1118 3793 1265 3860 presbyterio
1280 3793 1361 3842 deun·

295 3871 365 3921 datus
379 3873 441 3925 inter
455 3873 527 3922 laicos
541 3873 716 3926 communicare
731 3872 815 3922 solitus
832 3881 891 3940 erat,
904 3875 1089 3924 ecclesiasticam
1103 3874 1297 3924 communionem
1310 3875 1361 3923 sub

295 3965 398 4013 congrua
420 3952 580 4004 satisfactione
601 3953 764 4018 receperint.»
787 3957 844 4005 Vita
867 3955 996 4006 Hadriani
1012 3956 1044 4019 ΙΙ,
1062 3969 1084 4005 c.
1104 3953 1253 4020 x(Viguoli,
1271 3961 1291 4005 t.
1313 3955 1361 4018 lii,

295 4044 321 4095 p-
333 4033 399 4095 226).

328 4111 351 4160 i.
367 4127 379 4156 e
397 4114 468 4164 Omni
478 4113 643 4168 commuuione
655 4113 817 4164 ecclesiastica
830 4115 937 4178 privatus
948 4116 1042 4178 existat,
1055 4115 1130 4166 donec
1142 4115 1171 4165 da
1186 4114 1297 4164 omnibus
1307 4114 1364 4178 qui·

295 4191 347 4320 lillisi
353 4189 477 4256 impetitur
490 4195 557 4245 nobis
579 4210 660 4248 cerum
685 4193 772 4260 syuodo
796 4194 912 4248 rationem
930 4201 1032 4259 ponat.»
1048 4195 1162 4248 Hadriani
1176 4197 1198 4248 11
1217 4197 1363 4262 Decretum,

295 4288 301 4320 1
324 4286 357 4320 1.
