2944 5060
296 497 342 546 292
659 494 853 545 APPENDIX
879 493 992 544 PRlOR

297 639 363 704 oica
374 639 502 696 instituta
517 656 551 694 ex
565 639 614 694 Ilei
626 639 831 711 omnipotentis
845 642 874 694 et
887 638 964 694 beati
979 636 1056 694 Petri
1066 637 1189 709 apostoli
1201 639 1357 710 nostraque

296 727 381 784 simul
405 727 560 800 apostolica
581 727 751 785 auctoritate
765 728 802 784 ab
823 727 910 784 hodie
932 727 970 783 sit
992 726 1198 783 communione
1219 725 1357 799 privatus,

297 819 389 874 donec
401 816 461 889 ipse
475 833 549 872 meae
560 817 675 890 speciali
689 817 893 890 praesentiam
907 815 1044 872 canonico
1055 814 1165 888 jndicio
1181 815 1269 871 fuerit
1286 831 1359 888 prae·

297 909 434 976 sentatus,
452 911 481 962 et
494 906 518 962 si
532 923 591 962 non
605 907 721 977 venerit,
735 923 885 980 nunquam
900 905 1105 962 communicet.

335 1059 463 1134 Quibus,
487 1059 518 1120 in
538 1059 737 1122 collectaneis
753 1059 903 1122 lladriani
920 1060 945 1120 ll
963 1058 1053 1140 jussu
1077 1058 1271 1139 compositis,
1289 1057 1357 1120 hacc

297 1169 386 1228 erant
398 1165 550 1247 adjuncta
565 1186 572 1229 :

269 1333 272 1340 ,
320 1301 398 1356 'Post
416 1300 579 1356 Romanum
601 1299 769 1372 pontificem
792 1300 823 1355 in
843 1301 899 1356 hac
923 1298 1224 1356 excommunicatione
1241 1315 1358 1354 consen·

297 1391 397 1444 serunt
424 1388 653 1461 archiepiscopus
676 1389 848 1446 Ravennatis
867 1393 896 1445 et
919 1387 1149 1458 Mediolanensis,
1175 1387 1282 1461 aliique
1306 1405 1357 1443 nu-

298 1495 380 1535 mero
395 1482 440 1537 75.

355 1659 401 1718 Da
423 1676 565 1721 sueonos
584 1659 754 1720 Annsrnsn
774 1676 1095 1721 nxcouuumclrronu
1117 1677 1152 1720 nr
1177 1675 1301 1720 arnono

648 1768 891 1828 annnnnrnusr
911 1781 1004 1829 narn.

336 1917 443 1998 Neque
465 1920 587 1980 exstant
606 1917 709 1981 adhuc
724 1921 803 1981 Acta
825 1917 939 1997 synodi
953 1917 1201 1980 Ravennatensis
1221 1917 1255 1979 in
1277 1935 1361 1980 eum-

297 2025 368 2086 dem
391 2024 592 2087 Anastasium
621 2024 655 2086 d.
679 2027 717 2088 ‘29
736 2044 778 2088 m.
807 2025 880 2086 ltlaii
908 2044 937 2086 a.
969 2027 1027 2086 853
1055 2024 1185 2103 habitae,
1215 2024 1272 2087 sed
1293 2024 1361 2086 haec

268 2122 416 2194 'tantum
431 2131 566 2212 epitome
591 2148 686 2211 quam
709 2131 771 2194 Leo
792 2132 830 2193 lV
855 2133 1002 2193 Ravenna
1027 2132 1159 2194 llomam
1185 2151 1358 2212 regressus,

296 2240 328 2301 d.
343 2239 380 2300 l9
395 2257 435 2301 m.
454 2240 471 2302 J
475 2240 537 2299 unii
554 2237 695 2320 ejusdem
711 2239 795 2316 anni,
819 2237 938 2300 foribus
954 2240 985 2301 S.
1004 2236 1099 2316 Petri,
1114 2243 1206 2319 parte
1221 2240 1358 2317 sinistra,

295 2345 486 2424 affigendam
510 2345 642 2422 curavit,
667 2364 825 2427 quamque
846 2346 886 2408 ab
905 2345 1068 2418 Anastasio
1092 2345 1231 2408 deletam
1262 2349 1360 2410 Bene·

296 2451 399 2514 dictus
411 2453 452 2514 lll
465 2452 614 2516 restituit¹
630 2473 637 2516 :

330 2612 387 2668 Leo
401 2611 560 2686 episcopus,
577 2630 672 2670 servus
687 2629 835 2670 servorum
844 2613 905 2684 liei,
921 2613 1057 2670 omnibus
1071 2613 1226 2687 episcopis,
1240 2614 1360 2686 presby·

295 2701 373 2770 teris,
385 2701 563 2772 diaconibus,
580 2703 810 2772 subdiaconibus,
836 2706 866 2759 et
889 2703 1027 2759 universis
1056 2702 1165 2759 clericis
1197 2706 1360 2776 cunctoque

294 2793 401 2865 populo
422 2791 587 2848 christiano.
610 2791 693 2858 Quod
707 2793 780 2848 hene
796 2808 828 2849 ac
841 2792 965 2865 pleniter
978 2792 1126 2848 vobiscum
1141 2790 1260 2862 simust,
1274 2792 1361 2848 caris·

295 2881 361 2938 simi
375 2882 488 2950 fratres,
496 2881 584 2951 scitis,
596 2899 672 2938 nunc
688 2881 792 2938 iterum
803 2899 855 2954 pro
869 2883 980 2938 cautela
994 2886 1023 2937 et
1035 2881 1181 2938 memoria
1194 2885 1361 2955 temporum

295 2971 459 3027 futurorum
469 2969 614 3026 dilectioni
624 2974 725 3027 vestrae
736 2970 884 3043 cognitum
895 2972 1108 3040 essevolumus,
1120 2971 1269 3043 quomodo
1280 2969 1361 3026 insti-

296 3063 383 3133 gente
402 3077 435 3116 ao
456 3059 594 3117 suadente
615 3060 730 3116 diaholo
748 3061 923 3131 Anastasius
945 3061 1097 3133 presbyter
1117 3059 1245 3116 cardinis
1258 3058 1360 3128 nostri,

295 3165 383 3222 quem
401 3165 454 3205 nos
477 3148 507 3204 in
531 3149 614 3206 titulo
640 3151 715 3206 beati
737 3149 860 3208 Marcelli
889 3149 1096 3219 ordinavimus,
1126 3156 1228 3206 contra
1253 3151 1362 3205 statuta

295 3242 410 3310 patrum
422 3238 598 3310 provinciam
613 3240 821 3313 ecclesiamque
842 3239 986 3309 deserens,
1004 3255 1070 3296 ecce
1086 3239 1149 3312 jam
1167 3235 1363 3312 quinquennii

295 3329 408 3400 tempus
432 3327 462 3382 in
481 3329 590 3384 alienas
612 3330 764 3400 parochias
790 3331 868 3386 velut
893 3330 952 3386 ovis
977 3345 1077 3386 errans
1105 3323 1250 3398 discurrit,
1274 3343 1362 3401 quem

295 3414 383 3472 etiam
398 3417 569 3474 auctoritate
588 3418 696 3474 suffulti
717 3419 856 3476 canonica
870 3417 1034 3492 apostolicis
1054 3417 1157 3474 litteris
1171 3433 1224 3490 per
1243 3417 1363 3473 tertiam

294 3511 483 3580 quartamque
497 3506 590 3564 vicem
614 3508 785 3565 vocavimus.
800 3511 837 3564 At
855 3508 905 3564 ubi
923 3508 1018 3564 redire
1034 3507 1156 3576 distulit,
1172 3506 1231 3562 duo
1251 3523 1304 3580 pro
1326 3523 1362 3563 eo
1461 3563 1462 3570 ,

294 3595 495 3668 episcoporum
513 3596 635 3652 concilia
649 3597 897 3670 congregavimus,
912 3614 1037 3670 quorum
1051 3599 1193 3654 conventu
1218 3612 1288 3651 cum
1302 3595 1363 3668 ejus
1461 3659 1462 3680 ,

294 3701 353 3741 non
367 3685 557 3758 potuissemus
577 3685 673 3742 videre
688 3688 729 3742 vel
754 3688 861 3744 hahere
881 3688 1038 3760 specialem
1056 3684 1256 3759 praesentiam,
1283 3701 1364 3741 com-

294 3773 376 3829 muni
389 3791 456 3830 eum
471 3774 586 3833 decreto
598 3781 696 3832 sancta
711 3777 912 3832 communione
928 3776 1113 3849 privavimus,
1129 3774 1261 3830 volentes
1275 3773 1365 3848 siqui·

294 3863 362 3920 dem
386 3881 468 3920 suam
487 3882 540 3938 per
553 3867 638 3938 hujus
652 3865 956 3923 excommunicationis
980 3881 1132 3922 censuram
1156 3864 1193 3920 ad
1213 3864 1363 3936 gremium

295 3956 410 4021 sanctae,
433 3971 526 4027 aqua
549 3955 727 4025 discesserat,
750 3955 852 4011 matris
868 3955 995 4011 ecclesiae
1026 3959 1181 4027 personam
1209 3953 1363 4010 reducere.

295 4041 352 4098 Sed
365 4044 522 4113 apostolica
536 4045 647 4100 monita
661 4044 809 4118 sanctique
825 4044 937 4101 concilii
951 4061 1004 4117 pro
1018 4043 1109 4099 nihilo
1125 4043 1245 4115 ducens,
1257 4041 1366 4100 erroris

295 4127 422 4187 irretitus
435 4132 568 4206 caligine,
579 4133 673 4190 redire
687 4135 851 4189 nullatenus
860 4133 962 4190 voluit.
981 4131 1117 4202 Proinde,
1130 4132 1204 4188 sicut
1214 4131 1364 4189 Ravennae

329 4301 351 4348 l.
366 4299 398 4349 V.
412 4300 534 4350 llincmari
548 4303 666 4361 Annales,
682 4318 705 4352 s.
720 4305 774 4367 868,
788 4317 813 4368 p.
829 4304 884 4354 ΗΒ.

327 4380 351 4427 2.
370 4379 410 4430 Sic
423 4380 448 4428 iu
461 4381 541 4444 editis,
558 4382 599 4432 sed
612 4384 699 4433 rectius
712 4401 725 4431 u
737 4384 862 4434 uobiscum
875 4383 979 4447 simul»,
992 4390 1020 4434 ut
1034 4383 1104 4447 intro,
1117 4399 1141 4449 p.
1155 4385 1210 4449 294,
1226 4383 1243 4435 l.
1259 4385 1282 4436 l.
